3308 5120
721 566 764 629 23

636 656 699 664 μ-
720 657 814 663 υ---ω-
830 657 849 663 .-

158 756 335 843 postulatus
358 767 433 840 erut,
456 779 557 844 neque
580 778 658 822 vero
674 779 719 822 ea
741 755 783 823 de
809 779 844 823 re
872 756 1027 824 sollicitus
1055 780 1126 824 esse
1152 758 1267 846 potuit,
1294 782 1335 824 ex

158 887 221 950 quo
243 863 388 930 eonsules
411 865 497 952 ipsos
520 873 672 950 patronos
695 863 756 930 sibi
787 862 1026 945 conciliavcmt3
1055 859 1114 929 suo
1144 864 1211 930 iure
1238 865 1337 950 igitur

158 967 198 1035 dc
221 993 257 1036 ca
284 993 378 1037 carisa
402 969 569 1036 Sallustius
600 970 707 1036 tacuit.
759 969 951 1051 Mommsen,
982 971 1031 1035 vir
1060 969 1120 1037 hae
1150 970 1182 1036 iu
1212 993 1247 1036 rc
1278 969 1337 1036 ad·

159 1076 285 1143 modum
309 1085 477 1164 spectatus,
500 1099 642 1142 rnmrcam
665 1078 934 1142 continuat-ionem
957 1077 1074 1142 sarcire
1097 1075 1207 1143 studet
1228 1077 1336 1144 verbis

158 1182 344 1272 ponderosis
368 1181 626 1270 Verschwrimng
647 1183 680 1248 in
702 1183 907 1264 Pcmmnena,
937 1185 1082 1270 speciose
1112 1185 1213 1270 nregis
1241 1206 1335 1270 quarn

158 1299 232 1377 apte
260 1288 302 1354 ad
331 1288 597 1378 persuadendum
629 1311 732 1377 neque
768 1289 851 1354 enim
884 1311 945 1354 una
976 1304 1131 1379 perpetua
1159 1289 1338 1371 coniuratio

162 1395 230 1476 tuit,
263 1394 319 1461 sed
352 1395 431 1462 dirae
464 1397 546 1463 inter
577 1419 613 1463 se
645 1395 873 1462 dissimillimae
906 1395 946 1461 ab
979 1396 1125 1463 omnibus
1155 1395 1338 1462 auctoribus

159 1511 266 1590 aperte
289 1501 533 1590 distinguuntur,
557 1525 661 1590 neque
689 1501 822 1569 evidens
850 1511 908 1583 est,
938 1525 996 1568 cur
1017 1502 1200 1568 Mommsen
1227 1501 1268 1569 eb
1290 1503 1338 1568 eis

160 1607 335 1674 dissentiat.
402 1609 470 1675 Iam
505 1594 676 1676 verisimile
716 1619 781 1691 est,
815 1608 999 1676 Sallustium
1039 1609 1194 1675 incertum
1227 1608 1338 1690 luisse,

100 1798 104 1806 Ι
161 1713 239 1802 quid
262 1715 398 1782 Catilina
427 1717 534 1804 egerit.
581 1716 616 1784 Si
646 1715 813 1783 nobiseum
843 1724 1036 1804 reputamus,
1068 1739 1139 1782 eum
1172 1738 1191 1782 a
1220 1714 1338 1782 Crasso

160 1831 190 1887 et
210 1821 346 1889 Caesare
368 1824 400 1889 in
423 1823 539 1889 iudicio
561 1823 704 1889 adiutum
729 1845 809 1905 esse,
832 1823 926 1888 lacilc
950 1821 1118 1904 credimus,
1140 1844 1213 1888 eum
1237 1844 1340 1911 popu·

162 1929 271 1995 larium
305 1929 473 1996 lectionem
507 1931 750 2020 propag-evisam
788 1953 890 2016 neque
929 1931 1013 1994 enim
1052 1931 1121 1995 sine
1154 1929 1260 2017 pretio
1293 1928 1339 1994 illi

161 2035 316 2102 Catilinae
350 2037 494 2124 opitulati
529 2047 612 2103 saut
664 2039 774 2124 Atque
811 2035 977 2103 abundant
1009 2034 1042 2100 bi
1061 2036 1140 2101 anni
1164 2034 1338 2101 lectionum

161 2142 453 2226 machinationibus,
479 2143 594 2232 quibus
623 2153 656 2210 et
683 2145 854 2233 optimates
877 2153 911 2209 et
934 2142 1102 2230 populares
1127 2142 1260 2231 Pompei
1282 2163 1340 2230 po·

161 2250 290 2315 tentiam
322 2251 464 2338 frangere
492 2249 673 2317 studebant.
718 2249 915 2316 Notissimae
943 2248 1025 2316 aliiae
1053 2249 1234 2336 legationes
1256 2248 1341 2324 illius

77 2423 80 2430 ,
162 2357 313 2444 temporis
336 2367 418 2439 sunt,
439 2358 538 2424 altera
560 2367 597 2422 ut
619 2359 734 2423 civitas
758 2355 861 2424 Gallis
885 2356 1022 2438 daretur,
1044 2356 1144 2423 altera
1166 2364 1205 2421 ut
1222 2354 1341 2423 Caesar

162 2485 232 2528 mna
263 2467 400 2530 exercitu
431 2466 614 2553 Aegyptum
646 2465 844 2552 provinciam
875 2464 1007 2542 lacerem
1039 2462 1155 2551 quibus
1186 2462 1218 2528 iu
1248 2463 1342 2551 perii·

162 2569 282 2636 ciendis
306 2571 436 2638 forsitan
461 2571 599 2638 Catilina
622 2579 794 2658 oecrrpatus
818 2571 922 2636 suerit„
955 2610 996 2620 -
1028 2568 1094 2637 Sed
1117 2570 1195 2637 satis
1218 2568 1341 2636 debeo

162 2699 211 2756 re;
241 2677 302 2743 hoe
325 2689 456 2760 constat,
486 2677 629 2745 Sallustii
652 2679 863 2744 narrationem
886 2677 948 2742 boo
970 2677 1041 2743 loeo
1064 2700 1128 2743 non
1151 2675 1248 2742 modo
1270 2675 1342 2742 bre·

164 2784 293 2865 viorern,
316 2781 372 2851 scd
396 2785 578 2852 mendosam
602 2807 682 2852 ease
706 2825 750 2836 -
986 2785 988 2790 ⁸

271 2895 323 2958 23.
368 2891 402 2958 Si
431 2915 537 2958 mense
565 2891 660 2958 Iunio
683 2892 860 2969 conimatio
883 2891 1057 2957 constituta
1080 2900 1163 2971 erut,
1192 2899 1266 2955 aute
1289 2911 1343 2956 eo·

165 2999 251 3063 mitia
275 2999 463 3079 consularia,
489 3021 570 3087 quac
594 3001 678 3065 circa
700 2997 780 3064 Idus
803 2997 903 3064 Iulias
925 2995 1139 3078 habebantur,
1165 2996 1222 3061 vix
1245 2994 1364 3062 multa·

165 3113 198 3169 ct
218 3107 328 3190 gravia
351 3106 488 3171 facinora
511 3131 529 3171 a
550 3106 722 3171 eoniamtis
739 3114 888 3192 suscepta
902 3125 975 3170 csse
990 3111 1135 3192 possunt,
1157 3102 1342 3191 pracsertim

165 3233 234 3276 cmn
259 3212 321 3278 illis
344 3211 456 3279 diebus
480 3215 578 3299 magis
602 3213 790 3301 petitionem
813 3215 908 3299 quam
931 3210 1182 3277 coniurationem
1206 3208 1344 3276 Catilina

165 3319 330 3384 errmrerit„
375 3320 494 3385 Tamen
524 3343 574 3385 rcs
608 3327 683 3384 nota
713 3319 762 3401 tit,
800 3329 833 3384 et
863 3318 1033 3384 Sallustius
1066 3317 1216 3396 affirmat,
1247 3339 1274 3381 a.
1301 3315 1344 3394 Q

166 3423 264 3491 Curio
294 3449 362 3492 cam
393 3426 581 3515 patefactam
613 3448 698 3506 csse;
731 3434 826 3512 atquc
859 3433 987 3490 constat
1014 3423 1203 3489 Ciceronem
1235 3420 1276 3487 ab
1305 3444 1344 3488 eo

166 3531 314 3600 edoctum
337 3557 406 3600 esse
429 3533 469 3598 de
492 3533 718 3612 coniuratione,
742 3530 798 3597 sed
822 3539 856 3596 ct
878 3553 993 3596 nornen
1015 3539 1164 3596 stannus
1180 3527 1344 3595 Ciceronis

166 3640 207 3707 ab
233 3651 360 3708 erectore
388 3642 570 3721 reticentur,
602 3637 688 3726 quod
716 3636 876 3703 hocloco
903 3646 976 3726 apta
1000 3659 1064 3702 non
1088 3644 1172 3701 sunt„
1217 3634 1345 3721 Nequa-
1465 3627 1467 3630 ’

167 3768 260 3834 «luam
284 3749 367 3813 caim
391 3746 522 3813 evidens
545 3755 641 3828 essct,
663 3767 721 3812 eur
744 3767 783 3810 ex
806 3743 954 3810 omnibus
978 3741 1135 3810 Catilinae
1158 3741 1346 3830 competito-

167 3854 253 3919 ribus
281 3853 354 3918 buie
385 3856 598 3942 potissimum,
629 3853 682 3939 qni
707 3853 811 3917 tainus
835 3872 929 3938 quam
952 3849 1049 3915 ceteri
1073 3871 1144 3914 cum
1167 3846 1346 3913 libidinosis

168 3959 351 4026 urrrlieribus
380 3957 641 4026 consuetudinem
670 3957 831 4039 babuerit,
868 3957 997 4022 nuntius
1030 3949 1205 4021 ati'crretnr.¹
1249 3955 1346 4019 Auno

169 4071 211 4132 63
239 4065 385 4132 Ciceroni
415 4089 464 4133 res
495 4064 711 4146 nuntiabatur,
744 4064 818 4152 quia
847 4062 959 4129 consul
987 4071 1069 4143 erat,
1100 4059 1159 4126 scd
1181 4082 1240 4127 eur
1262 4081 1346 4125 anno

168 4182 240 4238 ante
263 4173 409 4260 private?
453 4173 497 4239 Et
519 4173 546 4239 si
570 4173 717 4238 Ciceroni
742 4169 917 4237 coniuratio
941 4177 1016 4234 nota
1039 4167 1164 4249 fuisset,
1187 4189 1291 4232 nenne
1314 4165 1345 4230 in

168 4281 319 4360 oratione,
341 4302 434 4366 qnam
457 4279 567 4345 babuit
590 4278 623 4344 in
639 4287 713 4364 toga
729 4274 873 4359 eandida,
889 4299 959 4342 cam
975 4275 1236 4341 meruomvissct?
1273 4271 1346 4338 Non

169 4386 363 4468 nremomrit,
385 4409 459 4473 crgo
478 4408 541 4451 non
561 4385 667 4468 rrovit3
690 4405 787 4475 «parare
806 4405 914 4449 ruamus
938 4381 1183 4462 denronstratur,
1205 4379 1349 4448 coniura-
