3308 5120
798 654 1008 753 A..

324 869 404 934 quare
432 845 619 934 generaliter
648 844 688 911 dc
716 847 929 912 coniuratione
958 845 1021 912 diei
1044 852 1204 932 poterant,
1231 845 1291 910 iam
1321 867 1379 940 per
1400 865 1490 908 ocea-

324 955 444 1020 sionem
473 954 586 1043 prioris
614 952 775 1041 petitionis
803 961 988 1040 consumpta
1016 961 1112 1018 eraut.
1157 951 1211 1018 Sic
1239 973 1298 1038 per
1325 959 1425 1015 totmn
1448 949 1486 1015 li·

324 1059 415 1126 bram
445 1060 557 1126 itenrm
586 1068 618 1125 et
647 1059 758 1126 iterum
788 1057 1011 1147 impedbnento
1040 1067 1098 1139 est,
1127 1057 1213 1146 quod
1236 1058 1267 1122 in
1292 1055 1486 1144 temporibus

325 1165 492 1234 Sallustius
514 1167 643 1247 erravit,
673 1164 723 1232 vel
746 1189 783 1232 ea
805 1164 845 1230 ad
869 1164 1029 1231 arbitrium
1053 1165 1258 1252 permutavit3
1285 1171 1379 1250 atque
1400 1163 1487 1228 Dru-

325 1296 428 1354 mann,
457 1273 510 1360 qui
539 1274 719 1360 ceteroquin
748 1275 781 1338 in
810 1271 1019 1337 diimlicandis
1048 1270 1206 1337 historicis
1236 1270 1330 1337 rebus
1358 1291 1488 1336 severus

325 1388 359 1444 et
385 1379 552 1446 acerrimus
582 1389 641 1461 est,
671 1378 721 1444 hio
750 1379 941 1466 aliquantum
971 1400 991 1443 a
1019 1377 1247 1443 consuetudine
1279 1375 1489 1442 declinarisse

326 1483 460 1568 videtur,
481 1509 552 1552 cum
568 1485 696 1552 minoris
719 1487 867 1552 momenti
890 1507 960 1552 esse
983 1483 1076 1566 (licat,
1098 1483 1184 1572 quod
1204 1483 1371 1550 Sallustius
1393 1483 1490 1548 inter·
1617 1517 1621 1526 -

325 1591 401 1659 dum
424 1601 598 1681 temporum
620 1591 761 1659 ordinem
784 1591 887 1657 minus
910 1591 1095 1676 obsen·et*)

433 1699 483 1766 Ac
504 1722 575 1766 eum
599 1699 630 1764 in
646 1698 801 1765 cluonieis
816 1699 910 1764 rebus
927 1721 1096 1779 versemur,
1113 1697 1165 1763 bie
1181 1699 1346 1764 confestim
1362 1719 1490 1784 agamus

326 1803 366 1872 ale
393 1827 432 1872 ea
459 1805 656 1893 quaestione,
684 1829 764 1894 quae
796 1805 912 1872 nostris
940 1803 1134 1893 temporibus
1163 1805 1348 1894 saepissime
1374 1803 1414 1869 ab
1444 1803 1491 1869 cis

326 1920 459 1979 tractata
473 1923 531 1996 est,
544 1913 599 2002 qui
614 1912 811 1980 Sallustianis
826 1911 940 1978 studiis
953 1924 1074 1977 ramat
1098 1910 1231 1978 Crimini
1247 1911 1330 1978 enim
1346 1911 1495 1998 scriptori.

327 2017 468 2102 dabatur,
489 2019 575 2109 quod
597 2019 777 2086 dilationem
793 2018 1000 2100 comitiorum,
1020 2018 1108 2084 ouius
1124 2017 1238 2085 Cicero
1253 2023 1322 2106 (pro
1337 2017 1422 2084 Mur.
1438 2021 1493 2099 51)

327 2129 515 2194 mentionem
538 2127 626 2207 facit,
655 2128 782 2193 omnino
809 2125 934 2192 silentio
957 2125 1161 2214 praeterierit
1207 2124 1370 2192 Ciceronis
1394 2124 1492 2190 verba

327 2233 525 2300 meministis
547 2235 624 2319 [κη’
645 2240 779 2300 senatus
801 2235 987 2299 consultum
1011 2234 1170 2318 referente
1199 2254 1267 2316 rae,
1297 2254 1336 2298 ne
1362 2238 1492 2319 postero

327 2340 379 2406 die
401 2341 534 2408 corrn‘tr'n
556 2341 761 2424 traherentur,
790 2348 829 2407 ut
850 2342 888 2406 de
911 2341 963 2405 tris
987 2341 1082 2406 rebus
1104 2339 1143 2405 in
1157 2347 1275 2406 senatu
1299 2361 1391 2424 opere
1410 2359 1490 2425 pos·

327 2469 447 2530 scarras,
469 2471 525 2536 per
547 2447 645 2514 multo
663 2448 785 2514 sraeeula
800 2447 1070 2534 coniungebaatur
1083 2469 1154 2512 eum
1171 2447 1227 2530 eis,
1242 2468 1323 2533 quae
1345 2448 1376 2510 in
1392 2445 1494 2532 prima

328 2555 468 2620 aratione
499 2556 532 2621 in
563 2553 729 2622 Catilinam
758 2557 791 2639 (ξ
816 2556 913 2638 3-7)
940 2552 1078 2635 dixeram
1107 2553 1151 2620 ibi
1180 2555 1263 2619 enim
1286 2552 1430 2619 similiter
1452 2550 1493 2618 de

328 2669 455 2734 senatus
477 2661 621 2728 consulto
636 2661 772 2750 ‹laodam
795 2663 907 2750 agitur,
929 2684 992 2748 quo
1008 2660 1145 2728 Catilina
1160 2660 1393 2748 prohibebatur,
1415 2659 1494 2747 qaro-

330 2769 431 2834 nimus
453 2765 578 2836 caedent
603 2770 813 2856 optimatium
837 2768 968 2852 faceret3
994 2790 1032 2833 ac
1054 2791 1125 2833 ema
1148 2776 1288 2849 constet,
1311 2764 1343 2832 id
1366 2775 1494 2833 senatus

328 2875 513 2958 consultum,
527 2874 612 2965 quad
628 2877 659 2942 in
676 2873 858 2942 Catilinaria
873 2875 1014 2942 oratione
1030 2875 1143 2942 Cicero
1160 2874 1324 2962 intellegit,
1339 2895 1365 2939 a
1378 2872 1410 2940 d.
1422 2871 1495 2938 XII

329 2980 403 3048 Kal.
425 2981 622 3049 Novembres
644 2983 763 3049 iactum
785 3005 870 3063 esse,
891 2982 1017 3070 plurimi
1041 3005 1104 3048 non
1128 2979 1331 3061 dubitabant,
1354 2981 1429 3068 quin
1452 2978 1494 3046 ad

329 3087 463 3156 crrndem
485 3088 568 3156 diem
596 3089 649 3156 illa
670 3113 743 3178 pars
766 3090 917 3156 orationis
941 3111 999 3177 pm
1021 3089 1157 3154 Murena
1181 3087 1307 3155 habitae
1329 3083 1495 3154 referenda

329 3203 422 3262 esset
466 3196 578 3284 Itaque
605 3219 662 3284 pro
684 3209 770 3262 certo
793 3195 994 3276 credebatur,
1021 3195 1161 3276 comitia,
1191 3217 1271 3282 qaae
1300 3193 1396 3261 dilata
1424 3215 1495 3260 esse

330 3301 443 3369 Cicero
465 3301 550 3385 dicit,
571 3312 646 3391 post
667 3303 755 3369 illum
776 3302 860 3369 diem
883 3302 992 3370 habita
1014 3325 1099 3382 esse3
1121 3324 1203 3390 quae
1226 3323 1297 3367 cara
1313 3300 1495 3389 plerumque

330 3430 436 3475 mense
458 3407 541 3474 Iulio
564 3420 683 3492 essent,
713 3409 774 3476 hoc
796 3431 878 3475 anno
902 3409 1011 3475 dilatio
1034 3410 1129 3475 trium
1152 3409 1307 3474 mensium
1329 3407 1497 3474 videbatur

330 3511 457 3582 decreta
479 3538 557 3582 csse.
590 3517 694 3596 Quam
715 3517 896 3604 opinionem
911 3515 1023 3583 falsam
1047 3537 1127 3592 esse,
1141 3514 1286 3602 quaravis
1302 3512 1496 3580 doctissimis

330 3622 407 3688 viris
429 3622 560 3710 probata
581 3624 632 3702 sit,
654 3624 773 3712 primus
796 3621 877 3689 vidit
899 3622 936 3689 F.
958 3623 1053 3704 Bam,
1075 3623 1128 3710 qui
1153 3621 1298 3688 sollerter
1319 3621 1410 3686 nobis
1426 3643 1498 3710 per-

331 3727 451 3810 suadet,
474 3728 524 3795 vel
547 3731 653 3817 potius
668 3729 872 3810 demonstrat,
895 3729 966 3796 illos
989 3727 1069 3795 ‹lrros
1091 3728 1180 3795 locos
1203 3728 1290 3794 nullo
1305 3727 1400 3794 modo
1416 3728 1499 3794 inter

330 3856 364 3901 se
387 3837 533 3924 coniungi
556 3858 659 3924 posse.
704 3835 823 3902 Eorum
845 3835 980 3918 scilieet,
1002 3837 1056 3924 qai
1080 3859 1162 3903 mmc
1187 3859 1339 3902 summam
1362 3837 1499 3902 auetori-

331 3951 427 4008 tatem
457 3943 488 4008 in
515 3941 689 4010 scribendis
716 3943 810 4010 rebus
838 3942 990 4010 Rornnnis
1020 3941 1152 4026 babent,
1187 3964 1280 4009 nemo
1308 3941 1369 4008 boc
1400 3941 1498 4008 Bauri

333 4049 493 4116 inventum
516 4049 546 4114 ia
571 4071 670 4116 ueras
691 4049 841 4117 librorum
869 4048 1024 4116 editiones
1047 4051 1180 4139 recepit,
1207 4046 1265 4115 sed
1294 4047 1500 4115 irrefutabilia

331 4164 414 4238 sunt,
436 4177 516 4244 qrme
537 4155 578 4222 ab
601 4179 640 4222 eo
662 4156 871 4244 proferuntur.
910 4155 1003 4224 Unus
1025 4155 1160 4237 Johnus,
1183 4155 1237 4244 qui
1260 4165 1365 4222 cetera
1385 4155 1500 4223 adrer-

331 4263 432 4329 sarius
454 4261 549 4330 Bauri
580 4272 642 4346 est,
672 4264 704 4330 in
726 4263 788 4330 hoo
810 4286 881 4330 eum
905 4263 1030 4330 fortiter
1052 4261 1211 4344 defendit,
1237 4272 1272 4329 et
1294 4265 1386 4330 novis
1407 4281 1500 4352 argu·

439 4497 463 4564 ‘t
481 4495 560 4565 „alass
578 4513 608 4551 er
627 4496 760 4552 ruituutcr
777 4495 822 4552 dic
841 4495 977 4568 'lnittolge
997 4494 1073 4550 uiclrt
1092 4493 1167 4552 rte-ht
1189 4495 1379 4553 balaenam
