3274 5032
676 455 850 526 ...31-

117 614 217 680 tontis
240 609 409 680 Plutarchi
442 605 554 700 [hirii]
578 616 639 692 est,
661 612 719 681 sed
731 607 901 681 Plutarchi
917 608 1035 698 ipsius.
1060 609 1120 676 'ln
1135 630 1163 676 c.
1181 611 1231 677 13.
1246 609 1294 678 Pl.
1309 610 1419 690 refert,
1471 629 1475 634 ·
1518 603 1520 607 ’

120 721 245 804 quanta
267 717 317 783 ris
340 722 375 784 et
396 717 542 784 suavitas
565 715 701 783 dicendi
722 717 759 783 in
782 715 941 784 Cicerone
967 715 1069 781 tuerit
1090 718 1125 782 et
1138 711 1325 800 exemplum
1346 713 1418 780 eius

121 820 170 888 rei
192 817 297 900 affert,
320 820 377 887 sed
401 821 458 901 ita,
480 825 517 886 ut
537 817 649 887 Cicero
670 820 742 907 ipse
758 841 824 886 non
840 824 954 887 auctor
970 818 1125 885 videatur
1139 817 1255 886 foisse.
1297 814 1418 896 Quam-

120 923 171 989 uis
194 922 283 1009 opud
307 921 518 990 Plutarchum
542 917 590 1012 [in
614 921 682 989 vit.
704 921 772 990 Cic.
796 943 823 990 c.
852 915 914 1008 lt]
937 921 1027 988 idem
1049 921 1131 987 ordo
1153 939 1261 986 rerum
1284 924 1419 1009 actem-

119 1046 234 1113 porum
258 1027 458 1108 inueniatur,
480 1028 536 1114 qui
561 1025 650 1114 opud
672 1023 862 1094 Ciceronem
886 1023 1011 1115 [confer
1033 1043 1095 1110 pro
1120 1015 1419 1109 siucero-521,

120 1134 229 1196 tamen
259 1129 365 1197 iacere
399 1149 465 1197 non
487 1151 631 1218 possum,
669 1131 750 1216 qrrin
773 1129 971 1211 existimem,
1008 1127 1062 1195 hic
1086 1146 1189 1214 neque
1211 1147 1229 1193 c
1252 1125 1420 1194 Ciceronis

121 1232 270 1299 oratione
292 1253 352 1320 pro
375 1231 511 1300 hiurena
532 1253 634 1320 neque
656 1255 697 1300 es
727 1231 976 1299 commentariis
1006 1228 1161 1296 haustum
1192 1249 1263 1296 esse
1295 1225 1420 1319 [contar
1477 1283 1482 1298 .

119 1333 284 1422 Schlieph.
307 1356 340 1423 p.
364 1338 415 1402 λλ.
439 1331 585 1424 ΑδυοΙ.].
631 1334 712 1402 Cum
736 1336 825 1402 enim
850 1334 963 1401 Cicero
986 1354 1047 1421 pro
1070 1332 1158 1400 hius.
1180 1332 1276 1412 §250-
1298 1336 1420 1414 narret,
1440 1385 1442 1388 .

115 1460 185 1507 scsc
206 1445 357 1507 senatum
373 1459 575 1520 convocasse,
597 1438 685 1526 quod
702 1439 881 1521 audiverit,
896 1436 1076 1504 Catilinam
1093 1443 1208 1505 contra
1218 1457 1292 1504 rem
1309 1433 1420 1524 puhli-

118 1564 189 1610 cam
213 1562 310 1628 agere
331 1549 364 1609 et
387 1543 421 1608 in
445 1543 598 1609 concione
621 1541 806 1608 domestica
829 1541 1013 1608 orationem
1035 1540 1231 1608 seditiosam
1254 1537 1428 1624 hahuisse,

116 1645 255 1734 ideoque
277 1645 413 1712 comitia
435 1643 623 1711 consiiiaria
644 1643 679 1710 in
702 1650 872 1731 posterum
903 1644 991 1710 diem
1027 1663 1101 1711 esse
1136 1644 1252 1724 dilata,
1288 1641 1420 1714 Plutar-

116 1749 197 1817 chus
221 1769 284 1816 non
308 1749 400 1832 dicit,
422 1767 487 1836 qua
509 1747 549 1814 de
572 1767 671 1814 causa
693 1747 829 1814 comitia
849 1747 920 1814 sint
943 1746 1059 1814 dilata.
1105 1745 1237 1815 Deinde
1260 1747 1420 1832 negarim,

115 1851 285 1920 Plutarchi
301 1851 401 1918 uerba
416 1847 456 1940 [c.
470 1845 532 1938 ta]
553 1847 591 1933 „ri
613 1849 648 1916 dl·
669 1847 813 1928 πολλοδς
835 1847 983 1936 οἰόμενος
1004 1845 1091 1916 εἶναι
1114 1847 1190 1928 roric
1210 1847 1418 1936 πραγμάτων

115 1955 237 2023 καινῶν
257 1955 446 2040 ἐιγιεμένους
465 1955 501 2020 ἐν
514 1954 553 2047 τῇ
573 1951 683 2046 βουλῇ,
706 1961 762 2019 καλ
777 1949 850 2038 άμα
865 1967 934 2031 τοῖς
947 1950 1155 2038 συνωμόταις
1167 1949 1421 2038 ἐνδεικνύμενος,
1550 2011 1556 2017 .
1591 1921 1596 2036 Ι

112 2057 329 2142 [ἀπεκρίνατο
356 2054 404 2142 τῷ
432 2061 588 2141 Κικέρωνι
610 2053 753 2144 μανικῆν
776 2054 972 2142 άπόκρισιν]
1011 2055 1180 2124 Ciceronis
1203 2077 1285 2124 esse.
1333 2055 1418 2123 Tum

115 2158 1422 2250 verbaqnaeCatilinaapudPlutarchum,Ciceronisinterpellationecommotus
1497 2229 1500 2234 ,
1590 2220 1596 2244 ,

113 2264 202 2346 lacit,
224 2263 351 2350 aliquid
374 2283 394 2329 a
414 2261 568 2330 Cicerone
592 2258 664 2351 [pro
687 2261 773 2330 Mur.
796 2263 817 2343 ἕ
839 2258 895 2352 511
924 2263 1093 2333 differunt
1133 2261 1301 2330 Postremo
1316 2261 1418 2329 verba

115 2365 281 2434 Plutarchi
304 2363 343 2454 [c.
369 2360 432 2452 tn]
457 2367 604 2450 πμᾶλλον
631 2363 650 2435 δ
671 2371 817 2452 Κικέρων
838 2366 961 2434 ἔδεισά
986 2389 1052 2435 non
1074 2369 1119 2436 ad
1154 2365 1322 2435 Ciceronis
1356 2385 1417 2433 au·
1540 2367 1544 2375 '
1590 2359 1596 2406 ἓ

114 2472 299 2538 ctoritatem
322 2471 477 2537 videntur
497 2476 655 2556 spectare.
700 2468 882 2554 Praeterea¹
895 2472 998 2540 uerba
1020 2472 1061 2539 de
1081 2471 1245 2560 prodigiis
1261 2489 1300 2538 ac
1314 2470 1415 2536 mira-

113 2573 196 2640 culis
219 2579 254 2639 et
275 2571 448 2640 fulminum
474 2572 593 2640 ictibus
616 2592 655 2640 oc
677 2577 773 2640 terrae
792 2574 938 2642 motibus
958 2575 1047 2663 apud
1062 2573 1254 2642 Ciceronem
1268 2571 1333 2641 alio
1347 2573 1419 2640 loco

119 2673 166 2764 [in
189 2674 260 2742 Cat.
283 2673 336 2758 ΙΙΙ,
362 2675 411 2742 18.
440 2677 488 2742 19.
511 2680 546 2743 et
568 2675 609 2742 de
632 2675 736 2742 divin.
761 2675 786 2758 l,
809 2697 837 2744 c.
870 2679 920 2742 li.
950 2684 984 2746 et
1016 2671 1078 2766 12]
1122 2682 1433 2747 commemorantur·

116 2799 218 2865 neque
242 2778 338 2846 verba
363 2777 431 2864 „Ac‘
451 2776 542 2845 d’oirr'
564 2775 757 2863 άνδριόπων
777 2773 933 2868 μγνόσεις
959 2779 1097 2870 illudere
1115 2787 1177 2868 μὲν
1208 2777 1307 2870 dnos,
1328 2777 1422 2848 οόπυι

115 2880 189 2959 δἐλς
223 2881 352 2967 ἔλεγχον
386 2881 578 2966 άποχρῶσαι
600 2879 672 2947 κατ’
694 2880 820 2967 άνδρδς
854 2883 990 2965 ἐνδόξου
1025 2893 1097 2960 καὶ,
1112 2885 1300 2970 δυναμένου
1335 2888 1420 2970 μέγα

115 2981 173 3049 τοῦ
211 2983 405 3051 narraret
445 2983 531 3070 apud
569 2982 759 3052 Ciceronem
800 2986 1031 3070 inueniuntur,
1067 2989 1224 3076 quamvis
1258 2987 1422 3056 Ciceronis

115 3081 189 3174 [pro
213 3085 296 3153 Mur.
321 3085 341 3164 ξ
363 3079 418 3174 51]
442 3087 761 3169 argumentantem
784 3087 874 3156 idem
897 3091 951 3157 sit
998 3089 1097 3160 Recte
1119 3091 1224 3177 igitur
1245 3089 1332 3158 Daoi
1356 3110 1423 3158 non

116 3188 158 3255 ad
182 3187 370 3256 Ciceronem
386 3208 490 3276 neque
505 3189 548 3256 ad
564 3189 767 3274 Sallustium,
790 3191 848 3260 sed
865 3193 1000 3290 tertium
1019 3193 1156 3278 iontem,
1176 3215 1274 3283 quem
1290 3192 1422 3262 Livium

119 3293 338 3372 nominamus,
362 3293 510 3374 recurrit,
545 3294 657 3360 dicens
680 3294 780 3362 verbo
802 3289 884 3384 [vid.
908 3296 979 3364 eius
1002 3297 1119 3364 adnot
1142 3296 1184 3364 ad
1208 3295 1294 3364 Plot.
1317 3315 1345 3364 a
1371 3295 1421 3360 lt.

116 3395 152 3460 in
172 3393 239 3460 l'it.
256 3389 334 3482 Cic]
352 3396 394 3461 ad
411 3393 601 3483 Pompeium
618 3397 824 3484 pertinentis
842 3393 891 3488 [in
904 3419 932 3466 c.
950 3401 1001 3466 14.
1017 3393 1105 3487 init]
1123 3407 1197 3484 „aas
1210 3395 1423 3486 παρεκάλουν

116 3494 348 3582 εὐτολμότερον
362 3494 532 3565 ἅπτεσθαι
548 3499 615 3567 τῶν
624 3497 842 3586 πραγμάτων,
859 3509 941 3588 πρΙν
955 3503 1156 3570 δπανολδειν
1166 3498 1424 3591 Πομπόιονόδγ

116 3595 290 3685 λεγόμενον
318 3595 535 3689 δποστρέγειν
563 3629 599 3688 μ,
616 3625 645 3668 τ.
660 3601 712 3670 δ.“
736 3603 779 3671 ad
791 3603 895 3672 alium
908 3611 1074 3674 auctorem
1089 3599 1248 3694 [Livium]
1260 3626 1329 3674 esse
1341 3603 1423 3674 reio·

40 3767 41 3774 ,
116 3700 227 3768 rcada.
273 3701 414 3770 Etiamsi
437 3701 630 3772 Plutarchus
653 3705 763 3774 inVit.
786 3704 898 3775 Crassi
916 3728 943 3775 c.
960 3709 1009 3774 13.
1023 3709 1160 3792 referat,
1177 3705 1367 3786 Ciceronem
1386 3707 1422 3776 in

118 3806 361 3872 commentariis
385 3807 425 3874 de
447 3807 617 3875 consulatu
639 3829 698 3876 suo
721 3810 762 3877 de
786 3810 908 3878 litteris
924 3809 1063 3892 dixisse,
1080 3831 1163 3898 quas
1171 3809 1308 3879 Crassus
1324 3817 1422 3879 nocto

117 3907 158 3973 ad
181 3905 366 3975 Ciceronem
396 3916 567 3996 portasset,
596 3916 706 3979 tamen
740 3913 916 3981 concedere
940 3933 1005 3980 non
1027 3931 1173 4000 possum,
1206 3912 1421 3981 Plutarchum

40 4021 41 4112 ἦ
118 4007 152 4074 in
176 4006 243 4075 Pit
266 4006 333 4075 Cic.
356 4031 384 4077 c.
411 4012 469 4094 15,
493 4011 549 4079 ubi
572 4013 613 4080 de
636 4013 757 4081 iisdem
779 4013 901 4082 litteris
936 4015 1029 4104 loqui
1068 4015 1213 4089 ridetur,
1253 4015 1423 4106 Ciceronis

119 4111 368 4178 commentarios
391 4119 466 4181 ante
488 4114 601 4182 oculos
623 4113 788 4184 habuisse.
834 4113 921 4185 Haeo
945 4123 1032 4200 sunt,
1058 4137 1134 4206 quse
1156 4139 1208 4184 me
1226 4119 1423 4210 impediant,

119 4215 292 4299 quominus
323 4213 393 4282 hoc
413 4236 549 4284 sumam.
602 4217 747 4286 Primum
785 4217 834 4286 Pl.
865 4240 996 4307 semper
1017 4219 1160 4288 eundem
1189 4219 1425 4312 iontem1acil.

119 4311 262 4404 licitum]
286 4317 320 4383 in
344 4319 571 4404 superioribus
592 4329 723 4390 secutus
746 4329 806 4402 est,
835 4329 874 4390 ut
902 4323 985 4391 mihi
1019 4323 1139 4392 uideor
1159 4322 1423 4405 demonstrassem

119 4419 236 4488 deinde
259 4419 419 4500 dubitem,
444 4443 522 4489 num
546 4421 658 4492 Cicero
681 4424 715 4491 in
739 4425 987 4492 commentariis
1010 4426 1123 4494 itudo
1146 4425 1271 4495 Crasso
1289 4427 1424 4512 dixerit,

121 4528 157 4589 ut
172 4520 381 4590 Plutarchus:
409 4519 500 4608 πάλλ’
521 4521 597 4614 ἧκεν
618 4525 720 4606 escae
740 4526 824 4614 πρδς
845 4526 906 4595 τδν
927 4533 1099 4615 Κικέρωνα
1112 4529 1333 4620 πλιγγελςδπδ
1361 4534 1424 4604 sori

119 4621 228 4696 δεινοῦ
254 4627 323 4692 καί
347 4647 385 4692 τι
427 4626 496 4717 τῆς
532 4632 669 4709 αλτλας
711 4627 1022 4730 δπολυόμτνος,
1056 4629 1105 4722 ἢν
1135 4633 1229 4728 {oze
1256 4633 1328 4706 διά
1356 4658 1424 4730 ρο·
