3308 5120
621 599 659 608 -.
690 509 789 608 ...⁷1--
821 570 826 579 ·

138 705 272 785 lavisse,
301 701 334 768 id
357 703 441 770 enim
472 725 543 769 esse
572 702 740 767 irrititiurrr
763 701 963 787 artificiosae
982 697 1309 788 ‘iristcr·ioproplriue’.

139 811 252 898 Neque
276 832 352 876 veru
379 808 534 874 eiusmodi
562 807 684 874 luxatio
711 817 744 874 et
771 817 946 897 temporum
972 820 1004 874 et
1024 831 1128 874 rer-run
1150 809 1312 875 arciorem

141 918 408 1002 intellegentia-m,
437 914 495 981 sed
524 916 683 981 arciorem
711 915 877 981 licentiam
901 913 1100 982 demonstrat.
1145 911 1312 981 Dmmann

141 1025 221 1111 ipse,
242 1025 297 1111 qui
320 1023 404 1088 hune
426 1022 540 1088 librum
556 1022 645 1088 nimii
662 1022 851 1102 aestimavit,
873 1021 905 1087 in
921 1022 1112 1110 temporibus
1128 1021 1312 1088 Sallustium

139 1125 253 1218 ‘paulo
288 1121 567 1216 neglegentiorem?
603 1128 704 1194 luisse
738 1128 912 1195 confitetur.
974 1129 1069 1194 Haud
1103 1129 1171 1196 scio
1204 1151 1245 1194 arr
1280 1126 1314 1193 id

140 1260 233 1324 aegre
256 1259 320 1302 non
343 1236 469 1303 tulisset
484 1234 663 1318 Sallust-ius,
686 1237 735 1300 cui
755 1257 819 1301 uon
842 1235 874 1301 in
898 1237 1000 1302 animo
1016 1236 1123 1318 fuerit,
1144 1237 1314 1322 imaginem

142 1353 208 1410 tam
230 1350 408 1410 accuratam
430 1343 569 1431 pingere
597 1382 640 1392 -
928 1323 933 1336 ¹

249 1449 315 1518 Sed
337 1448 413 1537 quid
437 1447 593 1538 spectarit
617 1452 649 1514 in
673 1449 754 1514 libro
777 1447 965 1516 scribendo?
1007 1450 1126 1517 Variae
1149 1449 1315 1537 opiniones

142 1557 184 1624 de
208 1580 246 1623 ea
268 1581 301 1623 rc
325 1555 451 1623 auditae
475 1565 559 1638 sunt,
582 1579 661 1642 quas
684 1555 870 1622 brevissime
885 1555 1047 1622 Dmrmanu
1068 1556 1197 1644 collegit
1216 1565 1250 1622 et
1272 1595 1315 1606 -

141 1687 205 1752 qna
234 1675 302 1730 erat
331 1665 488 1732 sententia
520 1662 561 1729 de
588 1662 650 1729 lide
679 1662 821 1730 Sallustii
853 1702 896 1714 -
927 1662 1062 1729 refutare
1094 1671 1226 1730 conams
1258 1672 1317 1728 est.

142 1773 250 1838 Primo
274 1771 335 1853 eis,
360 1773 414 1858 qui
439 1769 623 1837 Sallustium
647 1770 819 1859 impulsuum
842 1769 916 1836 edio
940 1771 989 1836 vel
1012 1769 1130 1836 invidia
1152 1769 1317 1837 Ciceronis

143 1880 309 1966 scripsisse
331 1887 458 1967 putant,
483 1876 672 1966 respondet,
699 1875 813 1943 librum
837 1877 954 1966 ipsum,
979 1876 1030 1965 qui
1053 1877 1215 1943 consulem
1237 1898 1319 1942 nun·

143 2009 237 2074 qnam
270 1986 443 2074 vituperet,
481 1986 559 2052 satis
596 1982 789 2050 documento
827 2007 897 2050 esse
930 1983 970 2050 ad
1004 1983 1198 2051 refutandam
1232 1982 1318 2050 illam

143 2093 340 2181 opinionem
363 2091 547 2159 Sallustium
571 2092 700 2158 onrnino
716 2114 778 2158 nou
795 2094 983 2180 scripturum
998 2091 1104 2174 fnisse,
1125 2094 1153 2157 ai
1169 2089 1318 2158 Ciceroni

143 2199 319 2266 obtrectare
352 2200 515 2265 voluisset.
562 2201 792 2286 Argumentum
826 2221 888 2264 non
921 2207 1038 2265 tanturn
1070 2207 1134 2280 est,
1166 2206 1320 2286 quantum

143 2309 245 2396 primo
269 2305 378 2372 auditu
402 2305 538 2372 videtur.
583 2305 697 2394 Neque
721 2306 804 2372 enim
828 2306 861 2372 in
877 2306 932 2388 eis,
954 2329 1031 2394 quae
1046 2304 1216 2372 Sallustius
1231 2304 1320 2387 dicit,

143 2413 202 2480 sed
236 2416 269 2480 in
301 2414 361 2495 eis,
394 2436 476 2501 quae
511 2413 624 2494 tacuit,
658 2412 750 2479 favor
780 2422 814 2479 et
845 2411 964 2480 invidia
990 2412 1209 2500 cognoscenda
1236 2412 1320 2482 a'rmt.

143 2520 310 2587 Drumaun
333 2520 460 2608 quidem
483 2529 589 2608 putat,
620 2541 748 2586 causam
771 2543 834 2586 uon
858 2543 941 2603 esse,
972 2543 1027 2587 eur
1054 2520 1193 2586 occultas
1215 2520 1321 2585 inimi·

144 2628 236 2693 citius
265 2630 347 2695 inter
368 2625 557 2694 Ciceronem
585 2636 619 2693 et
646 2627 831 2694 Sallustium
858 2628 956 2694 fuisse
983 2628 1186 2709 coniciamus,
1216 2649 1321 2714 neque
1407 2705 1409 2710 Ι

145 2757 222 2802 vero
246 2735 404 2822 opinionis
428 2757 503 2801 suae
526 2732 718 2800 documenta
739 2734 844 2802 habet.
888 2733 985 2802 Certa
1007 2735 1119 2802 Cicero
1135 2733 1320 2801 Sallustium

146 2841 222 2907 odio
245 2865 303 2907 suo
326 2864 390 2908 non
412 2841 561 2929 dignutus
585 2849 649 2925 est3
671 2841 724 2906 hic
746 2843 828 2908 enim
848 2865 888 2908 ne
904 2840 1055 2908 secundas
1069 2839 1198 2930 quidem
1212 2849 1322 2931 partes

146 2949 177 3014 in
211 2949 374 3037 republica
406 2949 484 3036 egit,
521 2949 635 3016 Cicero
663 2949 816 3037 principis
844 2959 971 3015 senatus
998 2949 1096 3016 locum
1127 2948 1324 3016 sollenniter

147 3079 223 3143 prae
253 3079 288 3122 se
318 3055 399 3120 tulit
444 3053 558 3122 Cicero
589 3066 714 3146 praeter
743 3071 907 3145 conrrptos
937 3057 1022 3122 circs
1044 3078 1117 3124 suos
1140 3056 1322 3144 integritate

146 3161 284 3249 quadam
308 3183 429 3227 morum
454 3163 566 3242 ttmm,
590 3163 641 3228 lrir
666 3188 727 3228 nun
753 3167 819 3228 sinc
836 3163 956 3229 ruricula
970 3175 1043 3230 emt.
1087 3163 1322 3230 Auctorltatem

147 3267 339 3334 mediocrem
362 3267 449 3334 libris
475 3275 540 3334 suis
565 3273 624 3334 sibi
650 3272 782 3359 pararit,
806 3271 862 3336 sed
886 3273 914 3336 ei
937 3293 1043 3336 carues
1065 3281 1139 3358 post
1157 3269 1322 3336 (Sucronis

146 3385 281 3440 mortem
305 3375 379 3440 editi
406 3389 489 3442 sunt.
534 3377 704 3444 Sallustius
727 3387 832 3444 autem
855 3375 935 3444 adeo
950 3376 1132 3444 Ciceronem
1155 3377 1323 3464 neglegere

147 3483 203 3546 vix
231 3483 350 3569 potuim
383 3484 450 3580 sine
477 3483 576 3550 dubio
600 3483 747 3552 Caesaris
775 3485 897 3572 legatus
920 3483 1078 3552 Ciceronis
1106 3484 1138 3550 in
1162 3482 1324 3574 republica

46 3675 50 3682 Ι
147 3587 349 3658 adversarius
372 3573 455 3673 cratJ
472 3600 505 3657 et
528 3599 700 3679 praeterea,
723 3591 782 3658 etsi
799 3591 962 3658 Dmmann
981 3591 1040 3657 hoc
1054 3599 1157 3679 negat,
1179 3589 1324 3657 omnltae
1450 3585 1453 3589 ’

147 3694 285 3763 fortasse
318 3684 432 3764 causae
467 3696 531 3763 odii
567 3709 666 3764 cmnt.
712 3698 861 3780 Constat,
898 3697 983 3786 quod
1020 3697 1107 3763 multi
1141 3695 1326 3764 dubitanter

147 3799 336 3884 concedunt,
358 3825 429 3869 eum
449 3827 467 3868 a
485 3803 609 3871 Milone
633 3807 665 3870 in
689 3815 799 3894 stupro
821 3828 894 3871 cunr
916 3807 984 3872 eius
1006 3827 1100 3870 aarum
1123 3804 1325 3893 prehensum,

149 3908 226 3975 loris
245 3911 455 3992 uerberatum,
477 3911 508 3975 in
526 3911 662 3978 vinculis
686 3919 842 3978 retentum
866 3934 946 3994 esse,
967 3912 1041 3978 dum
1062 3934 1174 3998 magna
1189 3910 1325 4000 pecunia

149 4037 184 4082 se
214 4016 363 4083 solveret
407 4016 508 4082 Haud
533 4019 601 4084 scio
628 4041 668 4084 an
692 4041 750 4107 per
771 4017 853 4085 hane
876 4019 1067 4085 occasionem
1090 4016 1259 4084 Sallustius
1282 4017 1324 4084 sd

149 4122 319 4217 populares
335 4147 369 4188 se
385 4123 608 4212 applicaverr't3
631 4125 726 4214 paulo
745 4134 820 4214 post
833 4125 915 4192 Milo
930 4133 1057 4214 propter
1071 4123 1177 4191 Clodii
1192 4123 1324 4192 caedem

149 4239 317 4295 accusatus
340 4229 380 4296 ab
403 4229 458 4296 illo
480 4230 682 4298 acerbissime
710 4233 848 4320 agitatus
875 4243 933 4300 est.
977 4231 1056 4298 Cum
1080 4241 1186 4304 autem
1208 4231 1325 4299 Cicero

148 4335 282 4403 Milonis
305 4335 521 4405 defensionem
546 4339 577 4408 ia
602 4361 636 4405 se
660 4339 815 4428 reciperet
838 4347 871 4407 ct
888 4362 923 4407 ea
947 4362 981 4406 re
1003 4337 1130 4405 drrbium
1153 4339 1257 4424 lieret,
1283 4362 1325 4412 au
