3308 5120
606 716 808 813 .-„-.2l„..-

125 930 195 972 curu
218 931 343 995 qrroquc
366 930 405 974 cx
423 905 792 983 Caesarisl'aruiliaribus
816 907 928 988 fuisse,
951 915 1044 994 atque
1066 931 1105 973 cx
1120 909 1284 977 Ciceronis

121 1037 178 1102 pro
201 1013 288 1081 Sulla
311 1014 449 1082 emtione
469 1011 623 1096 videmus,
645 1013 799 1080 ncnrinem
822 1036 905 1079 anuo
922 1015 964 1080 62
987 1012 1188 1098 dubitavisse,
1206 1017 1284 1103 quin

120 1144 139 1186 a
161 1121 297 1187 Caesare
320 1121 432 1186 missus
454 1130 548 1187 essct
585 1120 691 1186 Etiam
713 1119 774 1186 hoc
796 1121 893 1208 igitur
913 1120 986 1186 loco
1003 1119 1146 1187 Caesaris
1169 1145 1283 1190 noruen

120 1226 303 1294 subtrahere
325 1225 439 1309 studet,
461 1228 550 1293 euius
573 1226 692 1293 iniussu
709 1226 821 1293 Sittius
836 1225 877 1292 nd
893 1226 1060 1293 Catilinam
1077 1250 1111 1294 se
1126 1228 1283 1317 applicare

123 1356 184 1400 uon
207 1334 325 1422 potuit;
354 1332 399 1399 sic
428 1333 609 1415 Sallustius,
640 1357 708 1399 cum
731 1335 763 1398 in
786 1334 936 1399 maiorem
958 1333 1112 1400 Catilinae
1134 1334 1283 1402 honorem

122 1439 249 1506 Sittium
280 1441 465 1523 norniuarct,
497 1440 615 1506 inritus
643 1439 808 1506 Caesarem
836 1443 953 1526 arguit,
979 1443 1032 1528 qni
1065 1451 1129 1506 tum
1156 1440 1284 1528 quidem

123 1546 291 1612 Catilinam
313 1557 400 1614 certo
422 1570 484 1613 nou
507 1546 637 1613 adiuvit

229 1653 342 1720 Restat
370 1665 594 1742 argumentum,
624 1653 708 1742 quod
738 1677 809 1720 cum
841 1676 937 1720 uuum
965 1653 1041 1720 utile
1063 1655 1123 1739 sit,
1142 1654 1285 1723 sollerter

65 1789 67 1792 ·
123 1759 306 1828 aSnllustio
328 1759 368 1826 ad
391 1762 482 1827 finem
505 1770 699 1828 reservatum
714 1770 775 1828 est:
794 1767 904 1848 petere
927 1763 1133 1828 corniclntum
1154 1761 1188 1829 0.
1206 1765 1280 1828 An·

124 1868 264 1951 touiruu,
295 1891 389 1955 primu
418 1869 485 1934 sibi
513 1870 664 1954 collcyam
693 1869 763 1954 sere
791 1875 947 1954 speraret,
977 1869 1140 1934 leomiucm
1167 1875 1199 1936 et
1223 1870 1279 1955 sn·

125 1975 289 2041 initimum
311 1982 341 2040 et
363 1976 515 2041 oriririlms
540 1975 834 2042 necessitudinibus
856 1976 1126 2060 eircmurcutum,
1149 1997 1226 2042 curn
1247 1999 1283 2043 eu

122 2104 156 2146 sc
188 2085 353 2148 consulem
385 2083 522 2148 initium
555 2084 673 2168 aperirli
703 2083 884 2168 [acturum.
942 2081 1015 2147 Hoc
1045 2082 1137 2164 eninr,
1168 2083 1284 2148 nemini

124 2191 275 2274 ignotum,
298 2189 397 2276 ipsius
415 2190 447 2255 vi
466 2199 570 2255 cetera
593 2189 710 2256 ineerta
732 2198 914 2274 argiuucntn
937 2189 1057 2255 firmam
1079 2197 1185 2277 aptum
1208 2199 1285 2257 emt

123 2297 215 2374 Quae
245 2304 417 2383 sequuntur
444 2298 505 2362 ism
529 2319 625 2384 supra
646 2298 678 2362 iu
701 2297 841 2361 orat-ione
865 2294 992 2361 uberius
1015 2297 1157 2383 exposita
1179 2305 1283 2364 erant:

123 2403 235 2468 iterum
270 2412 418 2470 evocatos
451 2401 493 2469 ad
527 2404 692 2469 tannultum
730 2401 981 2490 seditionemque
1020 2403 1209 2485 cohortetur,
1249 2413 1285 2470 nt

120 2510 312 2596 petitionem
341 2533 438 2576 saram
467 2532 565 2576 curae
595 2511 739 2592 babeant,
765 2531 846 2598 quae
876 2531 979 2575 rerum
1006 2509 1088 2576 iuter
1115 2534 1150 2577 se
1172 2533 1285 2599 repug-

124 2617 229 2682 nantis
253 2615 376 2682 tolerari
400 2641 460 2683 nou
484 2626 598 2706 potest.
1050 2637 1052 2642 ’

231 2726 283 2790 22.
328 2723 396 2790 Iam
430 2725 507 2791 sotis
541 2727 724 2812 mysteriose
759 2723 799 2792 de
838 2722 1037 2790 iureiurando
1074 2725 1185 2812 agitarr,
1221 2747 1284 2812 quo

124 2830 263 2896 Catilina
284 2840 464 2919 praesentes
488 2831 665 2914 obstrinxit,
694 2854 751 2898 nec
779 2832 905 2898 silentio
933 2831 1189 2918 praetermittitur
1215 2854 1284 2898 nar-

124 2938 297 3003 ratiuncula
319 2947 516 3006 monstrnosu
539 2935 579 3004 de
607 2961 683 3006 nece
709 2939 855 3020 hominis,
884 2940 973 3004 euius
1003 2939 1184 3025 sangrrincm
1209 2945 1284 3025 post

122 3047 371 3112 exsecrationem
398 3068 510 3112 orrarees
539 3048 756 3132 ‹lepusturissc
782 3045 939 3112 dicuutur.
984 3045 1116 3112 Etiamsi
1146 3057 1209 3111 non
1238 3046 1285 3132 ig·
1373 3055 1382 3078 ’“

122 3159 222 3232 noret,
250 3151 327 3218 hece
355 3174 374 3218 a
403 3152 565 3219 Ciceronis
595 3153 701 3219 amicis
730 3153 803 3220 ficte
832 3175 912 3235 esse,
941 3154 1001 3238 qui
1026 3153 1093 3218 eius
1120 3153 1284 3218 insidiam

123 3258 222 3323 leniri
244 3260 413 3325 eredebant
434 3261 603 3326 atrocitate
619 3262 746 3327 sceleris
760 3282 884 3344 coirent,
907 3261 968 3346 ‹pci
983 3281 1107 3346 poenas
1120 3260 1283 3342 dederont,

123 3373 227 3430 tamen
258 3389 327 3432 enm
355 3389 420 3432 rem
450 3367 481 3432 iu
513 3366 616 3433 medio
648 3368 803 3454 relinquit,
835 3388 917 3453 quae
944 3361 1016 3453 ‘pro
1046 3367 1282 3452 rrmpnitudine'

119 3493 243 3558 puruuu
275 3481 436 3560 eourpcrtu
466 3475 521 3540 stt.
579 3473 753 3539 Ridiculam
782 3474 961 3540 cautionem
991 3471 1075 3561 opud
1103 3472 1285 3538 historicum

123 3580 321 3666 scriptorem!
354 3579 407 3646 Nil
425 3582 545 3662 mirum,
567 3582 594 3647 si
613 3580 734 3662 Florus,
757 3579 953 3662 Plutarchus,
975 3579 1040 3645 Dio
1062 3601 1100 3646 ee
1115 3578 1285 3666 voluptate,

123 3706 185 3772 qua
207 3687 324 3772 posteri
348 3687 458 3769 solent,
481 3688 541 3775 ipsi
564 3709 688 3776 quoque
704 3709 768 3753 rem
779 3708 844 3776 pro
860 3687 1089 3772 irrrrpriitudine
1103 3694 1226 3774 sugent
1242 3725 1283 3736 -

231 3791 265 3858 Si
298 3792 357 3858 hoc
388 3792 459 3859 loeo
490 3794 684 3882 respicimus,
715 3792 800 3882 quod
824 3793 1004 3881 singillatim
1034 3792 1285 3872 monstravimus,

124 3907 191 3964 toto
221 3898 299 3966 haec
333 3923 406 3988 pars
437 3905 516 3990 (esp.
545 3903 685 3986 18-22)
717 3909 806 3968 extra
837 3899 908 3966 libri
941 3919 1081 3966 tenorem
1111 3900 1285 3986 composite
1387 3967 1390 3972 ,

125 4004 350 4074 videturesse.
395 4005 562 4074 Sallustius
585 4031 670 4074 more
693 4010 890 4095 antiquorum
913 4006 1132 4072 historicorum
1153 4004 1194 4071 nb
1216 4027 1285 4102 ors·
1358 4076 1359 4079 ,

124 4114 209 4179 tione
243 4137 307 4180 rom
340 4116 438 4202 ipsam
470 4117 608 4204 incipere
639 4117 852 4197 constituerat,
885 4124 918 4180 et
950 4135 1012 4179 rurs
1041 4135 1113 4179 corn
1144 4113 1285 4178 emtione

124 4229 227 4286 cetera
257 4222 438 4308 interposita
461 4230 544 4288 sunt.
588 4220 736 4288 Fortasse
756 4219 884 4310 (tritior
913 4216 1093 4315 ciaro'bbpror
1114 4217 1285 4299 Ciceronis,

124 4327 212 4392 cuius
236 4325 422 4392 Plutarchus
444 4327 477 4392 in
501 4327 617 4395 Crasso
639 4333 716 4417 (cap.
737 4331 788 4412 10)
812 4327 1001 4394 mentionem
1019 4326 1104 4407 tacit,
1126 4325 1188 4391 illis
1207 4325 1284 4414 ipsis

124 4431 236 4498 «liebus
260 4429 378 4497 nclitum
399 4443 457 4516 est,
479 4456 542 4521 qino
565 4433 618 4500 ille
640 4433 681 4501 dc
695 4434 798 4523 priore
815 4435 1029 4500 coniuratione
1043 4431 1169 4522 egebam
1191 4453 1285 4519 quern

124 4537 237 4604 librum
266 4559 337 4604 curu
361 4537 527 4608 Sallustius
556 4542 624 4608 siue
647 4539 742 4608 dubio
765 4539 885 4628 legerit,
914 4539 998 4606 lraud
1021 4540 1086 4605 seio
1107 4561 1145 4607 eu
1169 4538 1286 4616 οοιιίοἰ·
