3274 5032
270 655 385 705 ronam
408 633 548 717 dixisse,
569 635 722 700 senatum
746 630 798 699 his
819 631 932 700 verbis
953 632 1081 700 iussum
1103 633 1257 716 consulis,
1288 631 1434 704 Catilina
1455 633 1570 703 urbem

271 739 472 826 relinqueret
502 755 603 825 seque
642 734 677 801 in
715 733 871 801 exsilium
908 735 1084 815 conterret,
1121 737 1330 855 approbasse.
1389 736 1567 805 Catilinam

271 847 382 910 autem
404 861 421 931 e
443 841 535 908 curia
556 837 680 904 obiisse
705 836 878 918 dicentem,
901 856 936 904 se
960 837 1181 926 sibimetipsi
1204 859 1278 906 esse
1296 840 1542 909 consulturum.

355 923 460 1022 Quam
483 940 619 1008 Diodori
643 939 899 1007 narrationem'
889 961 925 1006 ιιι
947 958 1078 1007 summa
1100 961 1120 1008 a
1143 941 1284 1010 veritate
1299 959 1364 1010 ιιοιι
1380 942 1568 1030 abhorrere,

271 1047 342 1135 ipse
362 1046 478 1115 Cicero
501 1043 598 1110 testis
620 1048 682 1126 est,
717 1043 774 1130 qni
796 1043 832 1108 in
854 1039 1018 1109 oreti.
1008 1063 1045 1109 ιιι
1071 1041 1142 1111 Cat.
1158 1043 1248 1122 520.
1264 1045 1317 1110 21.
1334 1053 1450 1114 narret
1465 1047 1598 1132 idem,'

38 1138 46 1202 ’-
136 1187 141 1202 ·
265 1155 398 1240 praeter
418 1166 533 1230 enom,
554 1147 643 1234 qood
666 1164 732 1212 non
755 1150 997 1228 commemorat,
1020 1165 1041 1212 a
1061 1143 1218 1214 Cicerone
1240 1154 1407 1217 senatores
1423 1149 1475 1217 bis
1490 1170 1568 1218 een-

270 1254 408 1322 tentiam
431 1271 504 1319 esse
527 1256 668 1334 rogatos.
714 1247 828 1337 Neque
852 1252 964 1314 tamen
988 1246 1156 1332 habemus,
1192 1270 1251 1316 cur
1274 1249 1315 1318 de
1339 1273 1435 1320 aare
1472 1251 1567 1320 dobi-

269 1363 385 1438 temos,
408 1353 606 1444 praesertim
628 1371 705 1418 cum
729 1352 827 1419 verbe
847 1349 1018 1418 Ciceronis
1041 1351 1061 1430 θ
1083 1353 1121 1418 21
1150 1353 1216 1436 ,at
1237 1353 1267 1419 si
1292 1353 1353 1422 Ιιοο
1377 1355 1464 1421 idem
1489 1355 1566 1424 hoie

269 1459 468 1530 adolescenti
484 1458 619 1545 optimo,
634 1455 670 1522 P.
686 1455 802 1537 Sestio,
825 1455 853 1521 si
868 1454 1049 1522 fortissime
1066 1456 1145 1536 uiro,
1171 1455 1211 1523 M.
1227 1455 1382 1524 Marcello
1398 1456 1570 1540 dixissem,

270 1565 336 1632 ium
352 1561 441 1631 'mihi
463 1559 600 1641 consoli,
636 1559 696 1626 troc
718 1559 792 1645 ipso
813 1559 849 1625 in
872 1557 1004 1652 templo,
1040 1559 1111 1626 iure
1134 1559 1259 1646 optimo
1283 1564 1421 1626 senatus
1446 1560 1512 1626 vim
1536 1566 1570 1628 et

270 1687 388 1736 manus
410 1662 590 1742 intulisset,
613 1661 655 1727 de
678 1666 711 1726 te
735 1666 855 1734 autem,
883 1659 1039 1744 Catilina,
1071 1681 1171 1749 quum
1209 1657 1395 1750 quiescunt,
1430 1663 1572 1752 probant

269 1771 340 1839 eio“
357 1766 502 1837 acerbis
517 1765 657 1834 Diodori
676 1765 825 1851 ,impactu
841 1762 925 1831 ὅταν
939 1763 1017 1830 τινα
1031 1762 1077 1850 μὴ
1094 1769 1272 1850 νομίσωσιν
1286 1760 1372 1833 εἶναι
1387 1766 1573 1854 ἐπιτήδειον

269 1873 382 1962 (μογῇς,
409 1865 490 1958 μεθ’
510 1868 588 1957 ὅσης
609 1867 749 1954 ιιρανγῖγς
775 1865 1012 1950 ἀντιλέγουσιν
1036 1866 1118 1935 ὥστε
1139 1865 1223 1934 εἶναι
1235 1868 1410 1957 ἀανερόν,
1433 1869 1483 1936 ὅτι
1511 1869 1570 1937 δια

267 1975 324 2064 τῆς
345 1975 458 2064 (μονῆς
479 1971 675 2059 ὁμολογοῦσι
693 1967 817 2059 φαγίνῑ*
835 1988 902 2036 ιιοιι
921 1969 1018 2039 valde
1036 1969 1198 2037 sitierant.
1234 1970 1271 2039 ld
1287 1979 1416 2040 tanturn
1433 1973 1571 2040 dotium
1602 2013 1606 2022 ·

269 2079 314 2146 sit
335 2077 376 2144 de
399 2077 536 2145 Diodori
560 2075 763 2166 narratione,
786 2093 865 2139 num
890 2079 1060 2140 senatores
1084 2071 1180 2140 alteri
1213 2071 1379 2142 Ciceronis
1408 2077 1571 2160 rogationi

267 2181 344 2248 irati
367 2180 502 2248 inerint
546 2176 610 2245 Sed
638 2195 714 2243 cum
740 2175 998 2260 cognoverimus,
1032 2173 1255 2242 Diodorum
1246 2197 1282 2243 on
1316 2178 1447 2264 reliquo
1473 2185 1569 2265 parte
1614 2256 1616 2260 ,

268 2283 467 2352 narrationis
482 2302 504 2347 a
517 2299 596 2346 vero
613 2276 781 2346 aberrasse
796 2298 862 2345 ιιοιι
877 2277 995 2360 sideri,
1012 2276 1099 2344 haud
1114 2279 1182 2344 scio
1197 2298 1240 2346 an
1253 2285 1342 2346 reete
1355 2281 1442 2346 suomi
1467 2282 1573 2369 possit

267 2385 322 2454 hic
342 2404 469 2476 quoque
503 2382 698 2469 scriptorem
732 2400 846 2447 verum
880 2380 1018 2447 dixisse.
1064 2368 1166 2459 Quod
1200 2383 1230 2449 si
1264 2383 1339 2469 quis
1377 2385 1571 2467 contendat,
1619 2451 1624 2457 ,

269 2489 405 2558 Diodori
438 2487 541 2555 verba
575 2485 657 2569 ,pori
690 2483 726 2550 di·
759 2507 852 2578 coep
883 2479 1022 2549 πάντων
1050 2481 1321 2571 αναμοιγσαντων,
1359 2509 1406 2571 pp
1443 2484 1568 2552 δοκειν“

268 2589 475 2659 aCiceronis
498 2587 606 2655 serbis
630 2588 666 2670 (ἕ
686 2587 740 2652 20.
778 2584 916 2671 ,ecquid
949 2584 1192 2652 animadvertis
1227 2585 1343 2653 horum
1377 2587 1570 2656 silentium!

268 2693 452 2771 Pationtur,
464 2690 605 2770 tacent“,
620 2687 733 2755 confer
746 2687 766 2765 ἓ
780 2687 848 2770 21.)
864 2705 998 2774 prorsus
1015 2686 1215 2770 dissidere,
1206 2706 1235 2754 re
1251 2693 1350 2771 erret,
1366 2708 1442 2755 nam
1458 2687 1570 2760 Cicero

269 2797 310 2865 de
331 2795 485 2877 tacendo,
514 2792 603 2879 quod
640 2790 740 2857 verba
775 2789 941 2858 Ciceronis
972 2789 1077 2877 (apud
1111 2788 1309 2874 Diodorum)
1343 2789 1445 2880 ,dors
1481 2789 1567 2861 εἶναι

269 2878 426 2988 φανερόν,
454 2895 504 2962 ὅτι
547 2892 606 2961 dod
651 2894 707 2980 τῆς
750 2893 861 2980 (μονῆς
903 2891 1099 2978 ομολογοῠσι
1144 2890 1269 2981 suriest
1315 2899 1464 2962 secutum
1500 2918 1570 2966 esse

268 2997 460 3070 concludere
482 3016 670 3088 possumus,
693 2996 820 3063 dixisse
836 2996 979 3063 uidetur.
1023 2994 1180 3073 Quamvis
1197 2997 1361 3066 affirmare
1377 3019 1443 3065 ιιοιι
1459 3001 1567 3086 possi·

269 3106 361 3187 mus,
374 3124 417 3170 ex
438 3101 499 3169 Ιιοο
512 3101 566 3168 uel
582 3100 639 3168 illo
655 3100 815 3188 scriptore
833 3098 1017 3166 Diodorum
1035 3098 1193 3183 introisse,
1209 3107 1320 3168 tameo
1348 3100 1568 3189 coniciamus,

267 3185 436 3273 Ciceronis
468 3204 590 3273 librom
625 3211 721 3287 ῃπερὶ
753 3199 928 3280 ὑπατείας
966 3203 1092 3270 iontem
1128 3202 1240 3285 tuisse,
1276 3203 1374 3290 qood,
1406 3211 1568 3294 utsupra

268 3309 423 3390 vidimus,
447 3305 610 3374 Diodorus
632 3325 653 3372 a
673 3303 885 3372 Ciceronem
909 3304 970 3372 Ιιοο
993 3305 1156 3372 relatione
1180 3324 1247 3372 uon
1270 3303 1367 3372 valde
1390 3304 1513 3375 differt.

354 3403 464 3478 Verba
485 3414 607 3490 notem,
629 3426 703 3496 qne
723 3414 800 3474 onte
816 3406 901 3475 hunc
916 3409 1141 3475 narrationem
1158 3427 1179 3476 a
1194 3407 1348 3476 Bekkero
1367 3414 1446 3476 eunt
1460 3412 1569 3496 posita

269 3511 339 3600 „dn
360 3509 499 3589 Λτοιιιος
518 3515 651 3598 Σέργιος
672 3507 691 3578 d
711 3508 966 3595 ἐπικαλούμενος
994 3510 1175 3588 Κατιλίνας
1206 3507 1393 3596 κατάχρεως
1430 3513 1568 3595 γεγονοὶς

269 3613 457 3685 ἀπόστασιν
469 3614 676 3702 λμελέτρσεν*
689 3633 792 3700 sopra
805 3613 938 3680 silentio
954 3613 1128 3700 proeterii;
1152 3613 1360 3700 nequeenim
1377 3615 1566 3700 negandum

269 3726 329 3804 est,
352 3703 433 3788 ha'ec
453 3716 552 3786 uerba
575 3736 651 3784 οιιιιι
672 3716 888 3804 sequentibus
913 3713 952 3800 ,o‘
972 3717 1008 3782 di
1030 3711 1169 3802 Μοίριος
1191 3713 1209 3783 o‘
1231 3719 1376 3802 Κικέρων
1398 3713 1417 3785 d
1440 3715 1566 3798 ιὀτατος

267 3819 364 3904 λόγον
385 3821 548 3888 διετίθετο
568 3831 643 3906 περί
665 3821 720 3907 τῆς
740 3819 1005 3908 ττροςδοιιιομὲνρς
1026 3821 1170 3907 ταραχῆς
1189 3833 1245 3888 ιιαλ
1266 3821 1444 3908 ιιλιγίίὲντος
1459 3829 1560 3891 Κατι-

268 3925 343 3991 λίνα
354 3923 426 3990 etc'“
451 3920 539 3988 haud
555 3922 636 3990 bene
652 3923 808 4006 coniungi
824 3943 928 4010 posse.
973 3921 1046 3990 Huc
1057 3923 1196 4004 accedit,
1210 3923 1300 4011 qood
1315 3923 1457 3994 alterum
1475 3927 1564 4012 frag·

269 4031 417 4092 mentum
433 4023 569 4092 Diodori
585 4025 681 4092 nobis
697 4025 856 4092 traditum
871 4026 990 4093 eodem
1008 4027 1077 4095 iere
1093 4026 1192 4093 uerba
1206 4027 1355 4094 continet
1372 4026 1442 4112 ,du
1465 4029 1567 4114 (κατα

267 4123 328 4213 τρι
348 4125 486 4215 Ῥιὸμιγν)
509 4127 738 4204 Κατιλίνας
757 4151 806 4205 τις
825 4124 1059 4216 κατάχρεως
1095 4129 1165 4212 (eoi
1180 4131 1328 4208 Λέντλος
1351 4127 1369 4196 o‘
1391 4132 1565 4200 ἐπικαλού-

267 4251 364 4315 μενος
384 4227 513 4315 Σούρας
534 4229 757 4316 ἀθροίσαντες
777 4229 890 4314 ὄχλον)
911 4227 1150 4298 α’πόστασιν
1170 4233 1444 4324 ἐμελέτησαν*
1487 4232 1567 4313 Quae

269 4330 368 4398 verba
388 4327 531 4419 scriptor
553 4331 594 4398 de
617 4352 677 4398 suo
700 4332 881 4399 ιιιιιτοίίοιιὶ
904 4331 1083 4416 addiderit,
1105 4333 1141 4400 id
1162 4335 1252 4421 qood
1280 4337 1433 4422 repetitio
1461 4359 1563 4426 prope

268 4431 445 4499 eorundem
470 4431 643 4501 verborum
665 4434 780 4502 docere
801 4433 946 4502 videtur.

353 4531 492 4600 Crim
458 4533 560 4636 igitur
582 4534 688 4604 iacere
711 4555 776 4604 ιιοιι
797 4537 975 4624 possimus,
997 4537 1079 4625 qoin
1101 4536 1150 4606 ilii
1166 4539 1350 4626 fragmento
1368 4561 1389 4609 a
1405 4537 1582 4612 Bekkero

102 4600 106 4621 ’
163 4731 166 4740 Ι
270 4635 362 4746 edito
385 4613 485 4704 iidem
499 4635 698 4721 tribuamus,
721 4639 863 4706 alterum
878 4638 1114 4725 fragmentum,
1137 4641 1227 4727 qood
1244 4643 1336 4731 apud
1354 4643 1556 4714 Muellerum
