3274 5032
670 462 862 570 ,ξιι-

217 613 407 686 Verisimile
428 622 481 686 est
501 618 614 702 igitur,
637 621 675 683 ιιι
693 622 896 704 repetamus,·
913 633 987 703 quse
1008 614 1051 683 de
1074 615 1138 684 lide
1159 613 1417 710 auctoritateque
1520 679 1526 692 ,

132 715 300 785 Plutarchi
323 718 414 786 dicta
434 725 523 804 eunt,
561 717 771 787 Plutarchum
805 737 906 786 unum
943 723 1072 785 tantum
1104 716 1239 799 lanum,
1276 715 1416 810 hiriane,

131 823 279 887 secutum
301 841 381 888 esse.
424 820 519 900 Quod
541 843 583 890 ex
604 839 641 888 eo
656 823 815 908 seqnitur,
830 819 920 908 qnod
935 819 1177 888 demonstrasse
1191 818 1276 887 mihi
1288 819 1417 913 uideor,

132 919 344 990 Plutarchum
366 945 384 991 e
404 923 563 993 Cicerone
579 929 676 1011 atque
690 921 846 992 Sallustio
862 941 928 990 non
942 920 1101 1006 hausisse,
1124 923 1182 990 sed
1196 921 1320 988 ionum
1335 922 1416 1007 eius,
1476 931 1481 938 '

132 1022 272 1091 Livium.
316 1024 491 1094 Praeterea
507 1025 656 1092 studium
671 1023 706 1090 in
722 1025 895 1112 optimates
910 1043 1108 1112 propensum
1124 1030 1160 1091 et
1172 1023 1417 1100 criminationes

130 1126 256 1194 crebrae
277 1128 313 1194 in
334 1127 504 1196 Caesarem
524 1127 567 1194 od
589 1127 722 1194 Liuium
742 1125 914 1194 referenda
935 1125 1193 1195 ridentur'esse.
1238 1125 1310 1194 Huc
1324 1145 1416 1194 acce·

132 1226 193 1310 dit,
225 1230 314 1316 quod
336 1229 530 1300 Plutarchus
553 1230 611 1297 bis,
626 1229 678 1315 (in
701 1228 768 1296 vit.
790 1226 882 1296 Caes.
904 1247 932 1295 c
953 1229 1006 1296 41.
1029 1234 1063 1297 ιι
1082 1226 1149 1314 113.)
1192 1228 1325 1297 Liuium
1345 1228 1418 1296 lon·
1471 1231 1476 1242 “

132 1333 198 1396 tem
220 1332 412 1400 nominarit
456 1331 566 1420 Neque
581 1332 670 1399 enirn
685 1335 737 1398 est
751 1331 948 1416 negandum,
963 1329 1174 1399 Plutarchum
1185 1333 1304 1418 ‘paucis
1319 1329 1418 1401 rebus

132 1433 280 1520 exeeptis
302 1434 365 1502 lide
388 1435 525 1520 dignum
547 1455 632 1502 esse.
676 1432 788 1520 ltaque
805 1433 911 1500 tacere
928 1451 996 1498 non
1011 1451 1154 1520 possum,
1175 1433 1257 1519 quin
1271 1431 1419 1520 Schliop-

133 1533 254 1603 hackio
278 1536 402 1605 dicenti
424 1541 471 1626 (p.
486 1539 538 1606 29.
554 1539 633 1622 30),
654 1536 785 1605 Liuium
799 1555 964 1604 summum
978 1535 1105 1602 iontem
1121 1533 1290 1602 Plutarchi
1303 1534 1419 1620 luisse,

131 1637 181 1704 ita
196 1639 362 1707 assentiar
384 1652 422 1707 ut
443 1640 575 1722 addam,
598 1658 700 1706 unum
721 1637 816 1705 illum
838 1638 963 1705 ιοιιιιιιι
983 1636 1095 1706 fusse
1233 1700 1238 1707 .

388 1863 544 2008 F
607 1860 1093 1978 sueton-tus.
1165 1932 1168 1940 .
1234 1852 1237 1860 ’
1368 1787 1372 1796 A

219 1999 395 2117 Suetonius
416 2048 457 2118 de
479 2048 711 2134 coniurationq
725 2047 834 2134 priore
855 2048 890 2114 in
911 2003 983 2114 rita
1003 2045 1074 2114 divi
1096 2045 1180 2114 lolii
1195 2045 1306 2134 capite
1321 2056 1419 2134 nono',
1547 2043 1554 2049 '

133 2152 175 2218 de
197 2151 294 2219 rebus
316 2171 337 2220 a
359 2151 597 2220 coniurationis
619 2151 742 2239 prioris
764 2150 966 2268 temporibus
982 2168 1084 2237 usque
1098 2148 1141 2216 od
1156 2149 1419 2218 coniurationem

132 2254 363 2322 Catilinariam
384 2255 517 2340 gestis'
508 2276 545 2322 m
565 2275 593 2323 e.
615 2255 744 2335 9-14.‚
767 2251 851 2320 de
842 2271 915 2340 rpsa
948 2251 1171 2320 coniurations
1203 2258 1239 2319 et
1272 2251 1313 2319 de
1346 2252 1419 2324 einr

133 2357 225 2424 exitu
247 2363 344 2445 atque
368 2364 490 2425 evento
512 2358 549 2424 in
571 2377 599 2424 c.
624 2356 760 2422 14-18,
783 2355 862 2440 agit
906 2352 974 2421 lam
991 2354 1072 2422 satis
1087 2353 1127 2424 de
1141 2353 1251 2442 priore
1266 2355 1418 2424 coniura-
1497 2399 1517 2416 .-

133 2459 222 2526 com
244 2459 385 2528 nonnius
409 2463 457 2546 (p.
482 2459 555 2525 ιιι.
578 2462 613 2524 ιι
635 2455 1083 2544 ιιιιιιιιιιιιιιρ.
1100 2439 1420 2543 laurasamensis.

133 2559 280 2628 Primum
302 2583 361 2634 nos
382 2561 520 2631 offendit
539 2560 584 2642 id,
606 2559 695 2647 quod
716 2557 747 2626 S.
770 2555 828 2624 Cn.
844 2556 994 2626 Pisonem
1006 2560 1098 2627 inter
1112 2559 1300 2629 coniuratos
1315 2581 1345 2629 a.
1361 2561 1435 2646 66.

133 2684 199 2731 non
221 2667 379 2750 nominat,
400 2666 452 2750 (in
475 2685 503 2732 c.
526 2664 556 2730 9.
579 2661 680 2748 init),
702 2682 776 2730 cum
799 2661 850 2748 (in
883 2663 997 2730 eodem
1027 2661 1134 2751 capite
1155 2663 1259 2751 paulo
1292 2663 1419 2754 meten)

130 2774 254 2853 narret
278 2768 355 2854 „Gn
379 2766 491 2835 Pisoni
513 2765 554 2833 ob
577 2765 796 2853 suspicionem
819 2765 953 2834 urbanae
966 2766 1206 2836 coniurationis
1221 2764 1419 2855 Hispaniam

130 2871 336 2957 provinciam
371 2869 456 2937 ultro
492 2873 586 2937 extra
617 2867 768 2936 ordinem
801 2870 914 2937 datam
947 2870 1046 2938 esse!
1091 2867 1189 2938 Haud
1210 2873 1362 2938 accurate
1384 2867 1419 2938 S.

131 2973 213 3041 dicit
234 2973 362 3042 Pisonis
384 2973 592 3062 provinciam
614 2971 811 3060 Hispaniam
833 2975 949 3060 luisse,
972 2995 1049 3042 nam
1071 2973 1146 3042 Piso
1170 2972 1206 3040 in
1221 2969 1419 3058 Hispaniam

130 3078 316 3146 citeriorem
338 3077 458 3144 missus
481 3080 532 3144 est
553 3077 654 3162 (coni.
676 3075 754 3146 Sall.
777 3073 804 3146 c.
824 3079 874 3161 19,
887 3076 938 3161 ,.).
983 3077 1031 3146 De
1045 3077 1299 3166 conspiratione,
1319 3092 1420 3163 quam
1544 3101 1550 3112 ·

129 3180 310 3248 accesere
332 3183 368 3245 et
388 3176 507 3246 Pisone
531 3183 647 3247 contra
668 3200 737 3247 rem
760 3178 926 3268 publicam
949 3199 1020 3248 esse
1043 3177 1295 3267 irrumceria
1317 3182 1351 3246 et
1371 3174 1417 3246 hl.

129 3282 287 3350 Actorius
309 3279 396 3348 Naso
418 3287 567 3350 auctores
588 3290 676 3362 sunt
715 3284 757 3352 ab
779 3283 857 3351 aliis
879 3283 1011 3370 quidem
1045 3282 1266 3370 scriptoribus
1290 3298 1418 3368 ‚parum

130 3385 283 3452 certiores
304 3384 382 3451 lacti
405 3403 528 3469 sumus,
562 3385 621 3454 sed
644 3406 684 3453 ea
705 3386 821 3454 relatio
845 3406 867 3454 a
889 3404 965 3454 coro
987 3384 1165 3454 abhorrere
1188 3402 1256 3451 non
1277 3381 1419 3452 ridetur.

130 3485 214 3572 (uid.
235 3489 357 3556 Aaron.
380 3484 434 3552 cd.
456 3483 624 3572 lliesslinq
645 3494 680 3555 et
700 3485 817 3556 Schcell
840 3508 873 3577 p.
908 3489 959 3556 14.
989 3495 1023 3556 ιι
1049 3475 1134 3574 82.)
1181 3484 1231 3555 De
1264 3483 1440 3571 Caesario
1588 3539 1589 3544 ,

130 3589 270 3657 coneilio
302 3588 446 3676 Aegypti
479 3589 659 3676 provincia
687 3595 783 3657 extra
815 3590 963 3659 ordinem
985 3589 1195 3686 occupanda,
1218 3587 1308 3676 quod
1328 3586 1418 3680 Soet.

130 3712 158 3759 c.
182 3695 233 3759 11.
256 3697 500 3776 commemorat,
522 3690 633 3760 Cicero
655 3711 782 3781 quoque
804 3693 840 3761 in
862 3699 944 3761 orat
957 3691 998 3762 ll.
1013 3693 1055 3762 de
1070 3693 1132 3780 leg.
1147 3711 1217 3778 agr.
1231 3691 1310 3772 §44
1324 3691 1417 3760 dicit.

48 3847 49 3886 q
130 3790 241 3880 Neque
263 3813 284 3859 a
305 3792 443 3860 veritate
465 3790 619 3860 abhorret
640 3792 687 3877 id,
707 3793 794 3881 quod
815 3792 992 3861 Suetonius
1014 3793 1057 3880 (c
1075 3794 1140 3878 12.)
1156 3800 1281 3878 narrat,
1302 3791 1417 3862 aGae-

48 3889 49 3904 ¹
129 3915 202 3962 sare
222 3893 259 3961 Τ.
274 3895 405 3962 Attium
419 3893 600 3962 Labienum
616 3895 770 3968 adiutum
787 3915 860 3965 esse
877 3895 1040 3966 contraG.
1056 3895 1239 3981 Rabirium,
1259 3879 1418 3984 perduel-

128 3995 227 4064 lionis
250 4016 341 4064 reum
356 3995 484 4082 (conler
500 3994 595 4064 Dion.
610 3996 700 4066 Coss.
715 3999 767 4082 31,
782 3999 836 4064 211.
851 4005 884 4065 ιι
897 3995 977 4084 21..)
1021 3987 1087 4066 Sed
1102 4017 1222 4085 parum
1239 3989 1418 4086 diligenter

79 4115 81 4122 ’
129 4096 160 4166 S.
184 4099 277 4182 dicit,
299 4098 427 4185 aliquot
458 4107 534 4168 ante
566 4119 670 4168 annos
703 4099 740 4168 L.
775 4099 988 4169 Saturninum
1023 4100 1192 4169 tribunum
1227 4102 1275 4190 pl.
1313 4101 1415 4169 luisse

130 4201 255 4288 (confer
276 4200 343 4270 Cic.
365 4202 401 4268 in
423 4201 488 4270 Pis.
511 4203 584 4283 14.
606 4211 641 4270 et
661 4201 736 4270 Dio.
758 4201 847 4270 Coss.
869 4203 922 4285 31,
936 4200 1019 4288 26.)
1063 4201 1111 4270 oe
1127 4200 1279 4271 Caesaris
1300 4202 1416 4272 Ponti·

130 4304 244 4375 heatus
265 4303 406 4371 maximi
428 4305 584 4392 petitione
607 4306 740 4394 eiusque
763 4311 895 4389 eventu,
917 4305 986 4373 iore
1006 4305 1096 4372 idem
1113 4303 1197 4373 Plnt
1213 4305 1250 4374 in
1265 4305 1332 4374 vit
1346 4303 1416 4393 cia.

129 4427 158 4475 c.
174 4410 205 4476 1.
219 4407 318 4476 refert
331 4406 464 4491 (confer
478 4407 556 4478 Sall
572 4429 600 4476 c.
615 4409 696 4491 49.)
732 4405 806 4475 Non
821 4413 997 4477 astantem
1010 4409 1209 4493 tragoedum,
1223 4407 1415 4479 Suetonium

129 4529 195 4576 non
211 4513 298 4576 recta
315 4508 435 4576 referre
452 4509 626 4593 dicentem,
648 4508 729 4579 Dec.
743 4509 881 4578 lunium
901 4508 1050 4578 Silanum
1067 4516 1198 4578 tantum
1213 4512 1416 4580 sententiam

129 4629 222 4677 suam
245 4610 342 4678 aliter
364 4631 433 4678 esse
455 4611 722 4699 interpretatum,
744 4632 809 4679 non
831 4616 975 4680 mutasse
997 4609 1040 4700 (c
1065 4613 1416 4714 14.),.cnmq,scismns,
