3274 5032
281 617 400 696 sanem
419 620 457 694 in
478 620 705 712 suspicionem
724 625 963 692 coniurationia
984 629 1142 708 vocasset,
1164 630 1202 692 ut
1216 624 1384 695 Plutarchi
1399 627 1474 697 lons
1488 629 1578 698 tecit.

291 725 326 796 Si
340 733 452 796 autem
464 745 645 811 sumamus,
667 727 720 795 his
735 727 845 795 uerbis
866 747 896 796 c.
918 728 950 794 8.
973 725 1042 795 Vit
1063 725 1165 796 Casae
1191 716 1308 813 ,teme
1328 734 1400 815 pto·
1417 728 1475 797 oda
1503 729 1577 798 cido

292 827 382 907 ὅπως
402 827 589 915 ίΚιαὲραν,
609 833 700 914 οίπορ
720 825 761 916 τίν
781 826 912 916 ἀληθές,
933 829 969 895 ἐν
989 827 1038 917 τῷ
1056 837 1133 916 περί
1151 829 1208 918 τῆς
1227 827 1387 910 ὑπατείας
1408 829 1578 920 oria’irpo·

291 930 377 1019 ψιν“
412 928 623 998 Plutarchum
656 930 702 997 ad
721 930 811 1017 ipsos
833 927 1006 998 Ciceronis
1028 933 1278 1000 commentarios
1300 939 1459 1021 spectare,
1481 942 1514 1003 et
1535 957 1578 1004 err

292 1033 346 1101 his
382 1033 492 1102 vorbis
525 1031 666 1115 siucero,
702 1029 876 1100 Plutarcho
906 1030 1074 1100 Ciceronis
1098 1034 1347 1102 commentarios
1369 1041 1444 1104 ante
1467 1037 1577 1106 oculos

289 1133 402 1221 luisse,
424 1154 490 1202 non
510 1133 705 1220 intelligam,
726 1133 886 1222 quomodo
908 1134 1066 1218 evenerit,
1091 1141 1127 1202 ut
1147 1133 1342 1204 Plutarchus
1358 1137 1438 1208 haec
1453 1140 1579 1209 diceret

290 1259 393 1328 nequa
415 1243 526 1307 tamen
548 1237 585 1306 in
605 1256 635 1306 c.
658 1237 689 1304 i.
711 1241 745 1303 et
765 1238 795 1304 8.
819 1233 889 1303 vit
910 1234 1002 1304 Caes.
1017 1235 1184 1306 Ciceronis
1198 1239 1393 1309 auctoritate
1408 1243 1577 1312 niteretur.

306 1366 308 1372 ¹
376 1341 415 1410 ln
437 1362 465 1411 c
490 1344 540 1412 ts.
564 1339 633 1411 vit
655 1339 765 1410 Crassi
787 1361 839 1410 rea
862 1340 1015 1430 non'allo
1043 1341 1141 1409 modo
1170 1361 1205 1411 sa
1233 1340 1341 1412 hebet
1385 1343 1578 1415 Plutarchus

289 1449 377 1518 enim
397 1454 520 1530 namt,
552 1445 707 1516 Crassum
728 1445 860 1534 quidem
884 1445 926 1513 ab
956 1445 1088 1514 homine
1118 1446 1261 1533 quodam
1284 1447 1370 1515 inter
1391 1450 1577 1516 coniuratos

288 1571 358 1620 esse
380 1551 596 1633 nominatum,
617 1549 679 1618 sed
701 1549 865 1619 neminem
887 1547 948 1616 hoc
970 1548 1160 1623 credidisse.
1203 1548 1265 1617 Cui
1287 1549 1462 1620 sonantia
1484 1550 1577 1619 Cice-

279 1665 399 1723 ronem
431 1651 571 1744 opponit
591 1653 764 1735 dicentem,
785 1651 959 1722 Caesarem
981 1657 1016 1720 et
1035 1651 1189 1720 Crassum
1213 1651 1452 1720 coniurationis
1474 1655 1576 1724 tuisse

287 1758 405 1825 socios.
448 1756 513 1826 Sed
535 1753 624 1823 hunc
645 1755 823 1842 impugnat·
838 1752 890 1821 his
911 1751 1038 1822 verbis:
1062 1753 1156 1839 ,ἄλλ’
1176 1750 1271 1833 οίτος
1290 1760 1353 1842 μὲν
1374 1752 1392 1824 d
1411 1753 1506 1838 λόγος
1526 1755 1577 1842 (ἰο

286 1857 487 1947 quoCicero
519 1858 618 1942 dixit,
651 1857 823 1946 Caesarem
845 1855 1066 1944 Crassumque
1086 1856 1190 1926 luisse
1205 1855 1418 1944 coniuratos)
1439 1854 1577 1946 ἐξεδόθη

284 1957 370 2048 μετὰ
389 1956 451 2050 asir
471 1957 837 2049 disconvenientia&
857 1959 896 2028 di
916 1957 965 2048 τῷ
978 1965 1059 2047 Περὶ
1079 1957 1241 2039 ίπατείας
1262 1957 1440 2046 inrepat·
1454 1958 1576 2047 νίατοιρ

286 2067 366 2152 φησί
391 2060 451 2131 τίν
472 2060 630 2150 Κράσσον
652 2060 835 2151 ἀφικέσθαι
855 2058 939 2147 πρός
960 2059 1063 2131 corte
1082 2059 1258 2150 ίττιστολιὶν
1278 2061 1455 2148 κομίζοντα
1477 2111 1486 2130 .
1510 2061 1572 2135 ...¹⁴

286 2163 379 2246 Quod
401 2185 563 2254 nusquam
584 2166 621 2233 in
643 2163 704 2234 hoc
718 2166 826 2252 capite
840 2165 1017 2249 invenitur,
1030 2166 1128 2254 qood
1149 2164 1193 2233 ad
1209 2164 1376 2234 Ciceronis
1393 2161 1571 2234 auctorita·

288 2273 353 2337 hm
367 2268 484 2337 referri
498 2268 613 2357 possit,
636 2287 680 2336 ex
694 2287 731 2336 eo
745 2267 959 2354 intelligitur,
981 2269 1085 2337 alium
1099 2273 1266 2336 auctorem
1283 2267 1449 2336 Plutarchi
1462 2268 1581 2344 nine,

286 2371 340 2439 cui
361 2371 500 2439 tortasse
532 2369 593 2439 hoc
626 2371 787 2440 indicium
820 2371 861 2439 de
897 2370 1064 2440 Ciceronis
1100 2371 1296 2440 criminibus
1332 2373 1368 2439 in
1404 2369 1575 2440 Caesarem

177 2491 181 2499 ·
286 2474 530 2543 attribuendum
552 2474 628 2543 erit
651 2475 778 2560 (contar
800 2474 963 2544 iodicium
986 2475 1027 2543 de
1048 2473 1187 2544 Caesare
1210 2473 1447 2543 coniurationis
1475 2473 1574 2558 socio,

284 2576 373 2666 quod
387 2575 473 2644 Plut
486 2575 523 2646 in
537 2573 606 2644 via
620 2575 686 2644 Cic
698 2599 726 2646 c.
739 2577 768 2645 i.
785 2576 837 2645 his
851 2576 962 2645 verbis
973 2576 1068 2645 tacit:
1093 2572 1159 2663 ,oie
1180 2583 1211 2644 εί
1227 2580 1290 2662 μὲν
1309 2571 1419 2663 sprirpa
1439 2581 1574 2661 παροῐχί

283 2702 315 2744 τι
335 2677 486 2764 θάρσους
507 2688 563 2747 κοιλ
588 2677 760 2765 δυνάμεως
780 2677 799 2748 ί
821 2683 964 2766 λίατσαρ,
986 2675 1112 2768 ἆδςλιίν
1131 2677 1247 2761 ἐστιν.)

339 2769 342 2778 ’
369 2779 409 2850 ln
431 2777 500 2849 vit.
521 2779 591 2849 Cat
614 2801 643 2848 c.
665 2781 718 2847 22.
740 2780 900 2848 nonnulla
920 2800 1051 2869 quoque
1074 2780 1302 2862 inueniuntur,
1336 2798 1409 2866 quae
1432 2800 1507 2850 curo
1529 2782 1573 2850 ad

284 2903 482 2974 propensam
503 2885 540 2952 in
562 2884 738 2973 optimates
757 2883 911 2965 auctoris,
932 2901 1031 2970 quem
1054 2880 1249 2950 Plutarchus
1271 2883 1435 2970 sequitur,
1457 2883 1573 2952 volun-

283 2991 385 3054 tatem
407 2992 477 3054 tum
493 2986 537 3055 ad
551 2987 662 3075 ipsum
676 2991 839 3054 auctorem
854 2990 1013 3073 spectant
1049 2981 1165 3053 Nonne
1182 2983 1262 3051 haec
1277 2981 1444 3054 Plutarchi
1459 2984 1572 3054 rerba:

272 3096 443 3174 -ςααλταίς
455 3095 532 3175 περί
552 3088 737 3157 Κατιλίναν
756 3085 933 3174 προίξοσι
952 3091 1122 3173 μεγίσταις
1141 3093 1198 3154 καλ
1218 3087 1469 3166 καλλίσταις
1484 3109 1572 3170 γενο-

280 3195 395 3277 Ρὲλαιτ
414 3191 506 3269 τέλος
524 3191 687 3278 ἐπέθηκεν
707 3188 795 3274 (scil.
817 3187 975 3273 Κάτων)“
999 3189 1195 3257 testimonia
1209 3190 1282 3257 eius
1298 3188 1349 3258 rei
1365 3195 1453 3274 sunt,
1474 3209 1573 3277 qoam

282 3293 795 3383 primam-commemoravimusr
839 3290 1007 3360 Ciceronis
1028 3292 1154 3380 scripta
1176 3311 1197 3359 a
1220 3289 1394 3360 Plutarcho
1416 3298 1574 3379 excerpta

204 3392 208 3400 ’
281 3416 351 3466 esse
365 3417 431 3464 non
445 3414 556 3486 posse,
570 3394 729 3463 nonnulla
742 3394 874 3462 docent:
890 3394 1036 3482 primum
1059 3412 1180 3478 magna
1192 3392 1328 3461 Catonis
1346 3391 1432 3478 laus,
1455 3394 1573 3463 deinde

281 3495 412 3566 lentuli
432 3503 530 3586 atque
550 3497 683 3583 Cethegi
704 3497 740 3564 io
770 3495 949 3564 Catilinam
982 3496 1243 3579 criminationes,
1281 3496 1322 3564 de
1354 3496 1472 3584 quibus
1505 3497 1572 3565 iam

281 3619 381 3688 sopra
402 3599 452 3688 (p.
473 3600 531 3686 33)
554 3600 715 3684 diximus,
735 3605 806 3667 tum
830 3599 933 3668 rerba
947 3599 1129 3668 criminosa
1143 3599 1179 3666 in
1194 3598 1230 3667 C·
1244 3597 1428 3669 Caesarem.
1461 3597 1572 3687 Neque

280 3701 316 3770 in
337 3721 366 3772 c.
388 3701 441 3770 23.
462 3700 575 3772 Cicero
597 3701 765 3795 Plutarchi
785 3702 862 3770 tons
885 3700 1129 3770 existimandus
1165 3707 1232 3780 est;
1271 3721 1349 3771 nam
1381 3701 1494 3770 relatio
1531 3703 1572 3773 de

280 3801 413 3872 Catonia
435 3805 584 3874 oratione
607 3813 676 3873 tam
699 3803 799 3894 plena
818 3805 996 3873 criminum
1018 3805 1056 3873 in
1087 3802 1260 3873 Caesarem
1292 3809 1352 3890 est,
1388 3810 1427 3873 ut
1457 3804 1572 3874 Cicero

280 3913 393 3976 auctor
413 3908 516 3978 luisse
538 3928 605 3977 non
641 3908 804 3976 uideatur.
858 3903 942 3974 Cum
971 3912 1097 3976 cenom
1131 3907 1186 3992 sit,
1223 3905 1417 3975 Sallustium
1448 3907 1571 3976 iontem

279 4007 446 4080 Plutarchi
457 3999 579 4110 Κίιιῖίιὶι
601 4030 672 4099 cap.
695 4030 760 4079 non
775 4011 889 4096 ίοίοοο,
911 4010 1111 4078 recurrimus
1127 4009 1170 4078 ad
1187 4028 1264 4076 eom
1280 4009 1403 4079 tonum
1418 4013 1570 4080 continu-

280 4132 345 4199 om,
382 4134 477 4203 quem
509 4111 704 4182 Plutarchus
736 4132 845 4202 saepe,
878 4120 918 4181 ut
938 4113 1249 4194 demonstrauimus,
1278 4115 1456 4200 excerpsit
1499 4113 1571 4182 lluc

278 4233 408 4303 quoque
428 4220 582 4304 spectant
602 4216 707 4285 verba
720 4214 890 4286 Plutarchi
905 4217 941 4285 in
958 4236 987 4286 c.
1002 4216 1066 4284 22.;
1091 4215 1241 4302 ,lituram
1263 4213 1464 4303 trientinae
1484 4217 1569 4300 (Κο-

277 4316 435 4402 convo&
459 4322 492 4386 st
512 4317 549 4386 in
572 4316 641 4386 vit
663 4315 753 4388 Caes.
776 4339 807 4388 c.
831 4319 861 4387 i.
895 4355 934 4369 -
963 4315 1065 4396 αίτός
1089 4323 1152 4403 μίν
1177 4317 1308 4397 ἐξέπεσε
1330 4364 1340 4383 .
1362 4365 1372 4383 .
1394 4367 1414 4401 .,
1443 4317 1571 4404 (confer

277 4413 347 4486 Liv.
369 4416 475 4487 Pario.
491 4418 513 4486 l.
531 4421 614 4498 toas
639 4419 803 4508 ,Catilina
818 4419 899 4489 urbe
914 4420 988 4507 (ex)
1003 4417 1131 4508 pulso!
1167 4417 1262 4486 Unde
1277 4416 1471 4488 Plutarchus
1487 4417 1570 4487 rela-

276 4518 398 4588 tionem
420 4521 461 4589 de
481 4519 617 4591 Catonh
633 4525 781 4593 oratione
793 4523 985 4611 sumpserit,
1008 4521 1076 4590 dici
1094 4539 1159 4588 non
1176 4525 1297 4608 potest.
1340 4520 1406 4589 Sed
1421 4522 1567 4609 putarim

219 4677 224 4687 .
276 4619 371 4691 illum
391 4643 464 4691 eam
484 4643 504 4693 e
526 4623 622 4694 Liuio
645 4623 806 4695 haushae.
