3274 5032
251 627 439 695 revertitur.
482 626 581 696 Haud
604 629 673 696 scio
695 647 739 694 an
759 625 841 694 haec
854 627 942 694 facta
955 627 1002 694 sit
1016 647 1055 693 eo
1070 628 1222 710 consilio,
1244 635 1282 695 ut
1295 629 1539 697 criminationi·

250 728 314 797 hus
336 729 371 796 in
392 727 558 811 Crassum,
580 751 663 818 quas
685 731 829 797 refutare
852 729 1000 796 animum
1025 750 1093 797 noo
1116 730 1261 813 induxit,
1293 731 1544 800 criminationes

252 831 288 898 in
311 831 481 901 Caesarem
504 831 651 915 adderet,
673 851 756 918 quas
779 849 975 919 quacunque
998 833 1127 900 ratione
1165 833 1326 901 acerrime
1364 833 1544 918 redarguit.

148 947 152 962 ·
254 931 360 1001 Huius
382 933 433 1001 rei
453 935 681 1004 testimonium
703 941 755 1002 est
776 932 927 1002 Sallustii
950 933 1053 1001 dictio
1071 941 1141 1020 „set
1157 935 1282 1004 eisdem
1298 935 1368 1002 lere
1385 937 1546 1024 tempori-

245 1035 336 1117 ,hus“
359 1042 393 1105 et
413 1037 516 1105 verba
537 1058 564 1106 c.
587 1039 666 1121 hoq.
692 1037 792 1122 „dum
815 1037 895 1106 haec
919 1037 954 1104 in
977 1047 1095 1105 senatu
1117 1045 1262 1124 aguntur
1280 1044 1314 1106 et
1329 1039 1408 1106 dum
1424 1040 1546 1124 legatis

255 1138 473 1224 Allobrogum
495 1145 529 1209 et
549 1138 623 1206 Tito
658 1138 830 1207 Volturcio
1003 1133 1155 1227 praemia
1177 1141 1434 1226 decernuntur“,
1472 1163 1546 1230 quae

255 1240 356 1310 rerba
378 1241 509 1326 docent,
533 1244 730 1331 scriptorem
753 1262 804 1328 ea,
827 1260 901 1328 quae
923 1243 1012 1311 locta
1034 1250 1114 1310 suot
1135 1245 1282 1312 secundo
1307 1243 1362 1310 die
1379 1251 1454 1332 post
1468 1266 1546 1312 con·

149 1349 153 1358 '
255 1346 381 1414 iuratos
403 1333 655 1432 comprehensos
678 1344 808 1428 (confer
833 1343 902 1412 Cic.
917 1345 953 1410 in
968 1344 1038 1413 Cat
1055 1344 1112 1428 IV,
1127 1347 1158 1412 5.
1176 1345 1252 1430 10.),
1267 1346 1356 1416 haud
1370 1351 1545 1434 ignorasse

254 1446 347 1517 ldem
368 1450 472 1520 verba
493 1449 666 1538 sequentia
689 1450 822 1536 „liberti
845 1455 879 1517 et
914 1451 1014 1537 pauci
1051 1471 1094 1518 ex
1129 1450 1308 1520 clientibus
1346 1453 1482 1521 Lentuli
1506 1491 1545 1504 ·-

255 1552 388 1640 opilices
420 1559 517 1640 atque
551 1550 692 1618 seruitia
711 1551 754 1618 ad
778 1571 854 1618 eum
877 1550 1091 1638 eripiendum
1113 1553 1341 1622 sollicitabant
1361 1557 1432 1623 eto“
1456 1556 1548 1622 testi·

255 1655 406 1738 deantur,
427 1675 505 1722 nam
527 1654 651 1723 scimus
673 1675 716 1724 cx
737 1653 814 1723 aliis
849 1674 979 1742 quoque
1018 1657 1237 1744 scriptoribus
1271 1657 1354 1741 (rid.
1386 1657 1453 1726 Cic.
1487 1677 1548 1744 pro

258 1757 376 1827 Flacco
398 1758 419 1839 S
443 1761 514 1828 103.
537 1765 570 1826 et
591 1757 681 1827 Cass.
704 1758 802 1826 Dion.
824 1760 877 1842 37,
899 1757 981 1843 32),
1004 1765 1042 1826 nt
1063 1757 1123 1828 hoc
1148 1759 1316 1854 inceptum
1351 1761 1547 1829 libertorum

256 1869 354 1950 atque
377 1863 546 1933 clientium
568 1867 776 1951 captivorum
798 1865 1043 1934 liberandorum
1068 1872 1293 1944 causanocte
1328 1873 1406 1935 anto
1437 1866 1550 1934 Nonas

257 1965 336 2035 Dec
359 1985 389 2034 a
412 1967 464 2035 63.
487 1974 687 2054 patraretur,
709 1953 782 2037 esse
805 1969 1033 2052 constitutum,
1063 1969 1123 2037 sed
1145 1968 1318 2037 Ciceronis
1333 1969 1503 2037 industria
1518 1977 1552 2037 et

258 2070 470 2158 providentia
484 2070 567 2140 illud
583 2072 626 2141 ad
642 2073 773 2140 irritum
788 2072 972 2140 redactum.
1010 2059 1110 2153 'Quod
1125 2073 1168 2141 ed
1186 2073 1227 2142 D.
1243 2073 1339 2141 Junii
1355 2074 1458 2141 Silani
1474 2093 1550 2140 aen·

258 2173 395 2240 tentiam
430 2175 587 2262 pertinet,
619 2175 794 2244 Suetonius
816 2175 867 2263 (io
890 2176 959 2243 dir.
980 2175 1048 2243 Jul.
1071 2196 1098 2243 c.
1125 2174 1192 2259 14.)
1226 2195 1247 2242 a
1268 2175 1428 2244 Sallustio
1450 2176 1485 2244 in
1510 2174 1549 2243 eo

259 2273 379 2359 ditlert,
400 2277 486 2364 quod
511 2279 602 2363 dicit,
624 2277 773 2348 Silanum
808 2282 1008 2348 sententiam
1045 2301 1139 2348 suam
1179 2286 1309 2348 tantum
1346 2282 1442 2349 aliter
1479 2300 1550 2349 esse

261 2377 526 2467 interpretatum,
559 2380 712 2451 Caesaris
750 2385 898 2451 oratione
935 2389 1145 2465 commotum,
1178 2403 1244 2450 non
1276 2389 1434 2451 mutasse.
1489 2381 1552 2450 Sed

260 2479 415 2550 Suetonio
438 2484 547 2553 obstat
567 2484 736 2555 Plutarchi
759 2487 942 2555 auctoritas
964 2485 1093 2574 (confer
1108 2484 1176 2554 Vit
1198 2485 1269 2554 Cat.
1290 2507 1319 2554 o.
1340 2487 1394 2553 23.
1416 2481 1495 2570 „cdv
1516 2495 1574 2552 τε·

259 2583 405 2654 Σιλανὸν
425 2585 565 2664 κακίζων
586 2589 672 2672 (scil.
688 2586 824 2674 Κάτων)
845 2590 902 2678 τῆς
923 2589 1135 2676 μεταβαλῆς,“
1153 2589 1269 2656 confer
1284 2589 1328 2657 ad
1344 2589 1378 2656 id
1395 2588 1463 2656 Vit.
1478 2587 1550 2656 cat.

262 2705 291 2754 o.
312 2685 367 2756 22.
388 2696 484 2774 extr,
507 2690 576 2759 Vit.
597 2691 665 2761 Cic.
688 2712 715 2760 c.
737 2694 802 2776 21.,
824 2683 945 2761 Vitam
972 2691 1066 2761 Caes.
1100 2711 1127 2760 c.
1161 2689 1219 2778 8.).
1274 2691 1352 2762 lica
1384 2693 1552 2761 sententia

264 2787 343 2858 haec
357 2797 419 2876 est,
435 2793 629 2862 Sallustium
652 2799 740 2864 recte
755 2796 876 2864 reterre
893 2795 935 2864 de
952 2793 1059 2864 Silani
1074 2795 1250 2863 sententia.
1288 2793 1448 2864 Venimus
1465 2817 1552 2865 nnnc

264 2893 308 2962 ad
330 2892 453 2964 Tiberii
476 2895 620 2966 Neronis
641 2886 849 2968 sententiam.
894 2899 957 2967 Sed
980 2901 1021 2968 de
1042 2918 1082 2968 ea
1096 2899 1170 2965 duae
1183 2899 1365 2968 relationes
1376 2906 1464 2984 suot,
1487 2921 1553 2968 nna
1594 2937 1602 2950 «

265 3015 363 3084 quam
385 2996 572 3078 Sallustius,
595 3001 700 3071 altera
719 3023 819 3090 quom
841 3002 1018 3090 Appianus
1040 3002 1098 3087 (de
1122 2999 1210 3069 hello
1227 3003 1290 3069 cir.
1306 2999 1347 3085 ll,
1363 3023 1390 3070 c.
1406 3004 1437 3070 b.
1452 3001 1553 3088 extr.)

264 3097 439 3168 hisverbis
461 3103 558 3173 nobis
580 3105 722 3172 tradidit
745 3103 783 3190 „d
804 3110 919 3192 Νέρων
940 3105 1086 3172 ἐδικαίου
1108 3102 1288 3193 φυλάττειν
1309 3103 1439 3190 olitoria,
1460 3111 1553 3192 μέχρι

166 3256 176 3274 .
264 3205 449 3274 Κατιλίναν
469 3207 599 3289 &tetoldi
620 3210 754 3299 πολέμῳ
774 3217 831 3276 καὶ
851 3207 895 3276 τα
911 3205 1313 3295 ἄκριβέαταταμαθωσι.“
1350 3208 1554 3277 Sententiam

265 3305 416 3392 Neronis,
438 3329 537 3397 quam
550 3311 727 3399 Appianas
743 3310 848 3402 adert,
860 3309 1110 3400 praeferendam
1123 3328 1196 3378 esse
1208 3309 1368 3379 Sallustio
1381 3311 1554 3378 existima·

266 3409 342 3493 rim,
363 3413 452 3498 quod
472 3413 585 3498 rerba,
606 3434 679 3502 quae
701 3415 733 3484 S.
755 3415 917 3484 Neronem
939 3415 975 3482 io
997 3415 1091 3482 curia
1112 3414 1286 3482 facientem
1307 3415 1414 3499 fingit,
1435 3433 1554 3500 parum

268 3519 419 3581 accurate
442 3515 634 3586 dictasunt
667 3518 839 3588 Praeterea
853 3519 899 3602 id,
915 3519 1003 3606 quod
1019 3519 1181 3606 sequitur,
1196 3517 1340 3586 Neronis
1357 3517 1555 3586 sententiam

267 3612 309 3682 eh
333 3615 488 3703 Appiano
510 3624 696 3687 enarratam
718 3620 986 3688 verisimiliorem
1024 3618 1139 3686 reddit
1173 3639 1272 3706 quam
1309 3618 1556 3689 Sallustianam.

269 3713 463 3787 Plutarchus
478 3720 566 3788 euim
581 3719 632 3806 (io
646 3721 715 3789 Vit.
729 3723 821 3802 Caes,
836 3743 864 3791 e.
880 3724 910 3789 l.
927 3721 1030 3806 extr.)
1058 3719 1208 3789 Caesaris
1223 3722 1419 3790 senteutiam
1435 3722 1558 3791 attice-

270 3839 349 3888 rone
363 3821 414 3907 (in
429 3819 499 3890 Cat.
515 3821 572 3906 lv,
596 3823 663 3903 Si.
679 3825 725 3910 8.)
741 3833 775 3893 et
789 3846 809 3892 a
824 3825 984 3894 Sallustio
1000 3823 1043 3907 (c.
1055 3823 1109 3904 51,
1125 3821 1183 3908 η.)
1200 3823 1429 3908 dissidentem,
1445 3825 1481 3892 id
1497 3831 1557 3909 est,

205 4003 210 4010 ι
270 3923 355 3992 ialso
366 3924 479 3993 refert
501 3922 728 4003 Quaerendum
745 3929 809 3995 erit
818 3934 927 3995 autem
940 3925 1048 4008 nohis,
1060 3925 1147 3992 unde
1158 3925 1299 4006 eueniat,
1311 3932 1348 3992 ut
1359 3927 1559 3996 Plutarchus

270 4045 291 4093 a
311 4025 468 4094 Cicerone
491 4033 527 4096 et
546 4048 567 4096 a
587 4027 744 4098 Sallustio
766 4031 802 4098 iu
824 4051 863 4100 ea
883 4052 919 4098 re
951 4027 1089 4097 diderat.
1145 4025 1335 4096 Verisimile
1369 4031 1457 4098 enim
1492 4051 1558 4098 non

271 4135 330 4214 est,
352 4129 475 4198 iontem
497 4128 663 4198 Plutarchi
687 4129 868 4217 (liuiumt)
890 4131 958 4198 iam
981 4131 1016 4198 iu
1037 4149 1076 4197 eo
1098 4147 1234 4210 errasse,
1255 4149 1359 4218 neque
1380 4133 1559 4222 quidquam

274 4232 368 4302 nohis
390 4232 481 4303 aliud
496 4235 691 4325 relinquitur
706 4239 770 4305 nisi
786 4244 823 4305 ut
838 4239 902 4326 ipsi
918 4233 1093 4306 Plutarcho
1104 4233 1191 4302 hunc
1206 4253 1347 4302 errorem
1364 4235 1559 4306 trilummus.

111 4326 115 4338 ’
247 4335 354 4422 ‚eum
376 4335 571 4409 Plutarchus
593 4339 724 4426 quidem
748 4345 869 4423 narret,
890 4337 1062 4406 Caesarem
1096 4337 1294 4404 sententiam
1328 4334 1452 4419 tulisse,
1489 4356 1562 4426 quae

275 4439 434 4506 iudicium
447 4439 487 4506 de
499 4440 677 4507 coniuratis
692 4439 847 4525 differret,
862 4440 920 4509 sed
935 4441 1078 4508 sciamus
1094 4437 1150 4526 (ex
1165 4437 1320 4506 Sallustio
1334 4444 1368 4506 et
1382 4439 1562 4528 Appiano),

275 4538 412 4616 Neronis
424 4542 618 4608 sententiam
630 4563 701 4610 eam
714 4542 826 4624 tuisse,
837 4561 910 4631 quae
922 4542 1081 4610 iudicium
1095 4541 1134 4609 ds
1150 4541 1329 4609 coniuratis
1344 4542 1380 4608 io
1395 4549 1562 4629 posterum

277 4641 512 4745 tempqucum
533 4644 677 4724 Catilina
698 4653 784 4724 esset
806 4641 1097 4734 uer-ictustuiueu
1119 4643 1228 4732 uellet,
1249 4642 1341 4730 ‚haee
1363 4645 1476 4741 opinio
1498 4665 1564 4718 nou
