<?xml version="1.0" encoding="UTF-8"?>
<!DOCTYPE html PUBLIC "-//W3C//DTD XHTML 1.0 Transitional//EN"
    "http://www.w3.org/TR/xhtml1/DTD/xhtml1-transitional.dtd">
<html xmlns="http://www.w3.org/1999/xhtml" xml:lang="en" lang="en">
 <head>
  <title>
</title>
<meta http-equiv="Content-Type" content="text/html;charset=utf-8" />
  <meta name='ocr-system' content='tesseract 3.04.00' />
  <meta name='ocr-capabilities' content='ocr_page ocr_carea ocr_par ocr_line ocrx_word'/>
</head>
<body>
  <div class='ocr_page' id='page_1' title='image "./deconiurationec00bessgoog/deconiurationec00bessgoog_0186.png"; bbox 0 0 3308 5120; ppageno 0'>
   <div class='ocr_carea' id='block_1_1' title="bbox 232 914 1586 4423">
    <p class='ocr_par' dir='ltr' id='par_1_1' title="bbox 323 914 1586 3358">
     <span class='ocr_line' id='line_1_1' title="bbox 327 914 1493 1002; baseline -0.002 -20"><span class='ocrx_word' id='word_1_1' title='bbox 327 937 385 982; x_wconf 87' lang='lat' dir='ltr'>suo</span> <span class='ocrx_word' id='word_1_2' title='bbox 407 915 473 981; x_wconf 78' lang='lat' dir='ltr'>iura</span> <span class='ocrx_word' id='word_1_3' title='bbox 496 914 633 982; x_wconf 85' lang='lat' dir='ltr'>Wirzius</span> <span class='ocrx_word' id='word_1_4' title='bbox 656 923 791 997; x_wconf 76' lang='lat' dir='ltr'>coruscat,</span> <span class='ocrx_word' id='word_1_5' title='bbox 806 914 997 1002; x_wconf 85' lang='lat' dir='ltr'><strong>colloquium</strong></span> <span class='ocrx_word' id='word_1_6' title='bbox 1014 917 1182 1002; x_wconf 89' lang='lat' dir='ltr'>insequens</span> <span class='ocrx_word' id='word_1_7' title='bbox 1203 914 1327 980; x_wconf 75' lang='lat' dir='ltr'>tumoris</span> <span class='ocrx_word' id='word_1_8' title='bbox 1343 914 1493 980; x_wconf 79' lang='lat' dir='ltr'>rrrorueuti</span> 
     </span>
     <span class='ocr_line' id='line_1_2' title="bbox 327 1019 1492 1108; baseline -0.001 -20"><span class='ocrx_word' id='word_1_9' title='bbox 327 1031 361 1088; x_wconf 83' lang='lat' dir='ltr'>et</span> <span class='ocrx_word' id='word_1_10' title='bbox 381 1044 532 1088; x_wconf 89' lang='lat' dir='ltr'>summam</span> <span class='ocrx_word' id='word_1_11' title='bbox 556 1044 659 1088; x_wconf 90' lang='lat' dir='ltr'>rerum</span> <span class='ocrx_word' id='word_1_12' title='bbox 685 1021 718 1086; x_wconf 91' lang='lat' dir='ltr'>in</span> <span class='ocrx_word' id='word_1_13' title='bbox 745 1019 803 1086; x_wconf 79' lang='lat' dir='ltr'>ltac</span> <span class='ocrx_word' id='word_1_14' title='bbox 825 1021 976 1087; x_wconf 80' lang='lat' dir='ltr'><strong>concione</strong></span> <span class='ocrx_word' id='word_1_15' title='bbox 1000 1043 1079 1087; x_wconf 89' lang='lat' dir='ltr'>esse.</span> <span class='ocrx_word' id='word_1_16' title='bbox 1124 1021 1221 1100; x_wconf 83' lang='lat' dir='ltr'>Quod</span> <span class='ocrx_word' id='word_1_17' title='bbox 1243 1043 1338 1108; x_wconf 89' lang='lat' dir='ltr'>quam</span> <span class='ocrx_word' id='word_1_18' title='bbox 1360 1022 1492 1087; x_wconf 84' lang='lat' dir='ltr'>senserit</span> 
     </span>
     <span class='ocr_line' id='line_1_3' title="bbox 327 1125 1493 1217; baseline -0.002 -23"><span class='ocrx_word' id='word_1_19' title='bbox 327 1127 493 1195; x_wconf 77' lang='lat' dir='ltr'><strong>Sallustius</strong></span> <span class='ocrx_word' id='word_1_20' title='bbox 516 1131 594 1217; x_wconf 88' lang='lat' dir='ltr'>ipse,</span> <span class='ocrx_word' id='word_1_21' title='bbox 610 1126 660 1195; x_wconf 88' lang='lat' dir='ltr'>vel</span> <span class='ocrx_word' id='word_1_22' title='bbox 683 1125 757 1192; x_wconf 91' lang='lat' dir='ltr'>inde</span> <span class='ocrx_word' id='word_1_23' title='bbox 771 1137 911 1215; x_wconf 86' lang='lat' dir='ltr'>apparet,</span> <span class='ocrx_word' id='word_1_24' title='bbox 925 1126 1011 1214; x_wconf 67' lang='lat' dir='ltr'>(parad</span> <span class='ocrx_word' id='word_1_25' title='bbox 1028 1125 1111 1215; x_wconf 87' lang='lat' dir='ltr'>apud</span> <span class='ocrx_word' id='word_1_26' title='bbox 1127 1150 1200 1192; x_wconf 91' lang='lat' dir='ltr'>eum</span> <span class='ocrx_word' id='word_1_27' title='bbox 1213 1127 1365 1208; x_wconf 75' lang='lat' dir='ltr'>hotitines,</span> <span class='ocrx_word' id='word_1_28' title='bbox 1379 1127 1493 1214; x_wconf 90' lang='lat' dir='ltr'>quibus</span> 
     </span>
     <span class='ocr_line' id='line_1_4' title="bbox 326 1225 1495 1322; baseline -0.001 -23"><span class='ocrx_word' id='word_1_29' title='bbox 326 1235 456 1322; x_wconf 88' lang='lat' dir='ltr'>quieta</span> <span class='ocrx_word' id='word_1_30' title='bbox 471 1257 596 1302; x_wconf 83' lang='lat' dir='ltr'>rnocero</span> <span class='ocrx_word' id='word_1_31' title='bbox 612 1256 733 1320; x_wconf 72' lang='lat' dir='ltr'>areaque</span> <span class='ocrx_word' id='word_1_32' title='bbox 748 1225 868 1300; x_wconf 80' lang='lat' dir='ltr'>merres</span> <span class='ocrx_word' id='word_1_33' title='bbox 891 1235 1072 1318; x_wconf 84' lang='lat' dir='ltr'>ridebatur,</span> <span class='ocrx_word' id='word_1_34' title='bbox 1090 1240 1199 1300; x_wconf 84' lang='lat' dir='ltr'>tarrren</span> <span class='ocrx_word' id='word_1_35' title='bbox 1211 1236 1426 1322; x_wconf 68' lang='lat' dir='ltr'>postulavere,</span> <span class='ocrx_word' id='word_1_36' title='bbox 1442 1235 1495 1299; x_wconf 74' lang='lat' dir='ltr'>uri</span> 
     </span>
     <span class='ocr_line' id='line_1_5' title="bbox 324 1341 1491 1428; baseline 0 -22"><span class='ocrx_word' id='word_1_37' title='bbox 324 1348 526 1428; x_wconf 82' lang='lat' dir='ltr'>proponeret,</span> <span class='ocrx_word' id='word_1_38' title='bbox 550 1363 633 1426; x_wconf 85' lang='lat' dir='ltr'>quac</span> <span class='ocrx_word' id='word_1_39' title='bbox 653 1341 798 1407; x_wconf 83' lang='lat' dir='ltr'>condicio</span> <span class='ocrx_word' id='word_1_40' title='bbox 815 1341 888 1406; x_wconf 85' lang='lat' dir='ltr'>belli</span> <span class='ocrx_word' id='word_1_41' title='bbox 902 1341 997 1426; x_wconf 81' lang='lat' dir='ltr'>soret,</span> <span class='ocrx_word' id='word_1_42' title='bbox 1021 1363 1105 1426; x_wconf 87' lang='lat' dir='ltr'>quae</span> <span class='ocrx_word' id='word_1_43' title='bbox 1116 1341 1268 1428; x_wconf 85' lang='lat' dir='ltr'>praemia</span> <span class='ocrx_word' id='word_1_44' title='bbox 1284 1341 1389 1406; x_wconf 86' lang='lat' dir='ltr'>armis</span> <span class='ocrx_word' id='word_1_45' title='bbox 1400 1347 1491 1428; x_wconf 84' lang='lat' dir='ltr'>pete·</span> 
     </span>
     <span class='ocr_line' id='line_1_6' title="bbox 326 1446 1495 1534; baseline 0 -22"><span class='ocrx_word' id='word_1_46' title='bbox 326 1453 409 1530; x_wconf 82' lang='lat' dir='ltr'>rant,</span> <span class='ocrx_word' id='word_1_47' title='bbox 432 1449 514 1533; x_wconf 85' lang='lat' dir='ltr'>qnid</span> <span class='ocrx_word' id='word_1_48' title='bbox 530 1447 650 1534; x_wconf 82' lang='lat' dir='ltr'>ubique</span> <span class='ocrx_word' id='word_1_49' title='bbox 665 1448 737 1533; x_wconf 83' lang='lat' dir='ltr'>opis</span> <span class='ocrx_word' id='word_1_50' title='bbox 757 1453 819 1512; x_wconf 90' lang='lat' dir='ltr'>ant</span> <span class='ocrx_word' id='word_1_51' title='bbox 837 1448 909 1534; x_wconf 82' lang='lat' dir='ltr'>spei</span> <span class='ocrx_word' id='word_1_52' title='bbox 931 1448 1097 1514; x_wconf 80' lang='lat' dir='ltr'>baberent.</span> <span class='ocrx_word' id='word_1_53' title='bbox 1144 1447 1210 1514; x_wconf 91' lang='lat' dir='ltr'>Res</span> <span class='ocrx_word' id='word_1_54' title='bbox 1235 1448 1330 1534; x_wconf 86' lang='lat' dir='ltr'>igitur</span> <span class='ocrx_word' id='word_1_55' title='bbox 1351 1455 1385 1512; x_wconf 88' lang='lat' dir='ltr'>et</span> <span class='ocrx_word' id='word_1_56' title='bbox 1407 1446 1495 1513; x_wconf 84' lang='lat' dir='ltr'>facta</span> 
     </span>
     <span class='ocr_line' id='line_1_7' title="bbox 327 1552 1495 1641; baseline -0.001 -21"><span class='ocrx_word' id='word_1_57' title='bbox 327 1553 467 1641; x_wconf 88' lang='lat' dir='ltr'>prolerre</span> <span class='ocrx_word' id='word_1_58' title='bbox 498 1553 622 1635; x_wconf 85' lang='lat' dir='ltr'>iubent,</span> <span class='ocrx_word' id='word_1_59' title='bbox 654 1577 734 1641; x_wconf 85' lang='lat' dir='ltr'>quae</span> <span class='ocrx_word' id='word_1_60' title='bbox 766 1553 798 1621; x_wconf 87' lang='lat' dir='ltr'>in</span> <span class='ocrx_word' id='word_1_61' title='bbox 831 1555 973 1621; x_wconf 88' lang='lat' dir='ltr'>oratioue</span> <span class='ocrx_word' id='word_1_62' title='bbox 1004 1552 1278 1636; x_wconf 79' lang='lat' dir='ltr'>‹lesiderarcrunt3</span> <span class='ocrx_word' id='word_1_63' title='bbox 1310 1563 1429 1620; x_wconf 77' lang='lat' dir='ltr'>cantum</span> <span class='ocrx_word' id='word_1_64' title='bbox 1462 1562 1495 1619; x_wconf 89' lang='lat' dir='ltr'>et</span> 
     </span>
     <span class='ocr_line' id='line_1_8' title="bbox 327 1659 1495 1749; baseline -0.001 -22"><span class='ocrx_word' id='word_1_65' title='bbox 327 1659 482 1749; x_wconf 76' lang='lat' dir='ltr'>palpabile</span> <span class='ocrx_word' id='word_1_66' title='bbox 510 1660 735 1727; x_wconf 85' lang='lat' dir='ltr'>coniurationis</span> <span class='ocrx_word' id='word_1_67' title='bbox 766 1659 1005 1727; x_wconf 81' lang='lat' dir='ltr'>fundumentum</span> <span class='ocrx_word' id='word_1_68' title='bbox 1039 1670 1182 1749; x_wconf 80' lang='lat' dir='ltr'>poscunt.</span> <span class='ocrx_word' id='word_1_69' title='bbox 1238 1660 1288 1726; x_wconf 64' lang='lat' dir='ltr'>Fa</span> <span class='ocrx_word' id='word_1_70' title='bbox 1321 1661 1384 1742; x_wconf 89' lang='lat' dir='ltr'>eis,</span> <span class='ocrx_word' id='word_1_71' title='bbox 1414 1682 1495 1747; x_wconf 88' lang='lat' dir='ltr'>quae</span> 
     </span>
     <span class='ocr_line' id='line_1_9' title="bbox 327 1766 1495 1855; baseline 0 -23"><span class='ocrx_word' id='word_1_72' title='bbox 327 1766 441 1833; x_wconf 88' lang='lat' dir='ltr'>deinde</span> <span class='ocrx_word' id='word_1_73' title='bbox 459 1790 478 1834; x_wconf 88' lang='lat' dir='ltr'>a</span> <span class='ocrx_word' id='word_1_74' title='bbox 496 1766 633 1834; x_wconf 77' lang='lat' dir='ltr'>Catilina</span> <span class='ocrx_word' id='word_1_75' title='bbox 655 1767 836 1848; x_wconf 80' lang='lat' dir='ltr'>affenrntur,</span> <span class='ocrx_word' id='word_1_76' title='bbox 859 1767 993 1855; x_wconf 87' lang='lat' dir='ltr'>plurima</span> <span class='ocrx_word' id='word_1_77' title='bbox 1016 1790 1124 1834; x_wconf 87' lang='lat' dir='ltr'>rursus</span> <span class='ocrx_word' id='word_1_78' title='bbox 1147 1767 1389 1855; x_wconf 81' lang='lat' dir='ltr'>pollicitationes</span> <span class='ocrx_word' id='word_1_79' title='bbox 1412 1777 1495 1847; x_wconf 83' lang='lat' dir='ltr'>sunt,</span> 
     </span>
     <span class='ocr_line' id='line_1_10' title="bbox 327 1874 1494 1964; baseline 0.003 -27"><span class='ocrx_word' id='word_1_80' title='bbox 327 1897 456 1962; x_wconf 88' lang='lat' dir='ltr'>quarum</span> <span class='ocrx_word' id='word_1_81' title='bbox 480 1875 580 1940; x_wconf 91' lang='lat' dir='ltr'>oratio</span> <span class='ocrx_word' id='word_1_82' title='bbox 603 1896 727 1962; x_wconf 90' lang='lat' dir='ltr'>quoque</span> <span class='ocrx_word' id='word_1_83' title='bbox 757 1875 850 1964; x_wconf 88' lang='lat' dir='ltr'>plena</span> <span class='ocrx_word' id='word_1_84' title='bbox 872 1874 989 1942; x_wconf 82' lang='lat' dir='ltr'>fuerat:</span> <span class='ocrx_word' id='word_1_85' title='bbox 1020 1875 1195 1962; x_wconf 87' lang='lat' dir='ltr'>pollicetur</span> <span class='ocrx_word' id='word_1_86' title='bbox 1225 1875 1353 1940; x_wconf 82' lang='lat' dir='ltr'>tabulas</span> <span class='ocrx_word' id='word_1_87' title='bbox 1383 1896 1494 1958; x_wconf 81' lang='lat' dir='ltr'>naras,</span> 
     </span>
     <span class='ocr_line' id='line_1_11' title="bbox 323 1981 1492 2069; baseline 0.001 -23"><span class='ocrx_word' id='word_1_88' title='bbox 323 1982 597 2069; x_wconf 74' lang='lat' dir='ltr'>proscriptionem</span> <span class='ocrx_word' id='word_1_89' title='bbox 629 1983 839 2068; x_wconf 84' lang='lat' dir='ltr'>locupletium</span> <span class='ocrx_word' id='word_1_90' title='bbox 870 1983 1101 2066; x_wconf 69' lang='lat' dir='ltr'>irrupistrntns,</span> <span class='ocrx_word' id='word_1_91' title='bbox 1131 1982 1311 2048; x_wconf 83' lang='lat' dir='ltr'>sacerdotia</span> <span class='ocrx_word' id='word_1_92' title='bbox 1341 1981 1492 2068; x_wconf 79' lang='lat' dir='ltr'>rapinas.</span> 
     </span>
     <span class='ocr_line' id='line_1_12' title="bbox 327 2087 1495 2177; baseline 0 -23"><span class='ocrx_word' id='word_1_93' title='bbox 327 2087 424 2168; x_wconf 84' lang='lat' dir='ltr'>Quod</span> <span class='ocrx_word' id='word_1_94' title='bbox 446 2111 516 2154; x_wconf 91' lang='lat' dir='ltr'>cum</span> <span class='ocrx_word' id='word_1_95' title='bbox 532 2087 700 2154; x_wconf 85' lang='lat' dir='ltr'>Sallustius</span> <span class='ocrx_word' id='word_1_96' title='bbox 715 2088 858 2154; x_wconf 81' lang='lat' dir='ltr'>sufficere</span> <span class='ocrx_word' id='word_1_97' title='bbox 882 2111 945 2154; x_wconf 92' lang='lat' dir='ltr'>non</span> <span class='ocrx_word' id='word_1_98' title='bbox 969 2111 1064 2177; x_wconf 90' lang='lat' dir='ltr'>posse</span> <span class='ocrx_word' id='word_1_99' title='bbox 1087 2091 1211 2170; x_wconf 89' lang='lat' dir='ltr'>sentiat,</span> <span class='ocrx_word' id='word_1_100' title='bbox 1226 2087 1323 2154; x_wconf 87' lang='lat' dir='ltr'>adicit</span> <span class='ocrx_word' id='word_1_101' title='bbox 1338 2087 1495 2169; x_wconf 88' lang='lat' dir='ltr'>nonnulla,</span> 
     </span>
     <span class='ocr_line' id='line_1_13' title="bbox 327 2194 1492 2283; baseline 0.001 -25"><span class='ocrx_word' id='word_1_102' title='bbox 327 2217 407 2282; x_wconf 89' lang='lat' dir='ltr'>quae</span> <span class='ocrx_word' id='word_1_103' title='bbox 428 2195 491 2261; x_wconf 91' lang='lat' dir='ltr'>illis</span> <span class='ocrx_word' id='word_1_104' title='bbox 513 2194 718 2262; x_wconf 66' lang='lat' dir='ltr'>satisfaciant</span> <span class='ocrx_word' id='word_1_105' title='bbox 755 2195 927 2262; x_wconf 84' lang='lat' dir='ltr'>Praeterea</span> <span class='ocrx_word' id='word_1_106' title='bbox 945 2218 1012 2262; x_wconf 84' lang='lat' dir='ltr'>csse</span> <span class='ocrx_word' id='word_1_107' title='bbox 1028 2197 1066 2261; x_wconf 87' lang='lat' dir='ltr'>in</span> <span class='ocrx_word' id='word_1_108' title='bbox 1082 2196 1251 2283; x_wconf 80' lang='lat' dir='ltr'>Hispania</span> <span class='ocrx_word' id='word_1_109' title='bbox 1267 2196 1432 2278; x_wconf 79' lang='lat' dir='ltr'>Pisonem,</span> <span class='ocrx_word' id='word_1_110' title='bbox 1457 2195 1492 2260; x_wconf 88' lang='lat' dir='ltr'>in</span> 
     </span>
     <span class='ocr_line' id='line_1_14' title="bbox 328 2302 1496 2384; baseline -0.003 -16"><span class='ocrx_word' id='word_1_111' title='bbox 328 2303 541 2369; x_wconf 77' lang='lat' dir='ltr'>Mauretania</span> <span class='ocrx_word' id='word_1_112' title='bbox 563 2325 639 2368; x_wconf 78' lang='lat' dir='ltr'>errae</span> <span class='ocrx_word' id='word_1_113' title='bbox 663 2303 805 2368; x_wconf 70' lang='lat' dir='ltr'>exercitu</span> <span class='ocrx_word' id='word_1_114' title='bbox 835 2302 873 2369; x_wconf 88' lang='lat' dir='ltr'>P.</span> <span class='ocrx_word' id='word_1_115' title='bbox 901 2302 1043 2369; x_wconf 78' lang='lat' dir='ltr'>Sittium</span> <span class='ocrx_word' id='word_1_116' title='bbox 1065 2303 1265 2384; x_wconf 56' lang='lat' dir='ltr'>⁴verreriam,</span> <span class='ocrx_word' id='word_1_117' title='bbox 1295 2302 1414 2368; x_wconf 75' lang='lat' dir='ltr'>cornill</span> <span class='ocrx_word' id='word_1_118' title='bbox 1439 2302 1496 2366; x_wconf 85' lang='lat' dir='ltr'>sni</span> 
     </span>
     <span class='ocr_line' id='line_1_15' title="bbox 324 2408 1497 2498; baseline 0 -24"><span class='ocrx_word' id='word_1_119' title='bbox 324 2409 520 2498; x_wconf 63' lang='lat' dir='ltr'>partienpea·</span> <span class='ocrx_word' id='word_1_120' title='bbox 558 2408 640 2476; x_wconf 90' lang='lat' dir='ltr'>male</span> <span class='ocrx_word' id='word_1_121' title='bbox 675 2418 841 2496; x_wconf 87' lang='lat' dir='ltr'>utmmque</span> <span class='ocrx_word' id='word_1_122' title='bbox 868 2409 1008 2498; x_wconf 86' lang='lat' dir='ltr'>positum</span> <span class='ocrx_word' id='word_1_123' title='bbox 1043 2419 1108 2492; x_wconf 91' lang='lat' dir='ltr'>est,</span> <span class='ocrx_word' id='word_1_124' title='bbox 1142 2432 1214 2475; x_wconf 89' lang='lat' dir='ltr'>num</span> <span class='ocrx_word' id='word_1_125' title='bbox 1243 2409 1301 2475; x_wconf 88' lang='lat' dir='ltr'>Cn.</span> <span class='ocrx_word' id='word_1_126' title='bbox 1332 2409 1408 2474; x_wconf 90' lang='lat' dir='ltr'>Piso</span> <span class='ocrx_word' id='word_1_127' title='bbox 1436 2408 1497 2474; x_wconf 88' lang='lat' dir='ltr'>hoa</span> 
     </span>
     <span class='ocr_line' id='line_1_16' title="bbox 327 2512 1586 2605; baseline -0.002 -23"><span class='ocrx_word' id='word_1_128' title='bbox 327 2526 467 2605; x_wconf 80' lang='lat' dir='ltr'>ternpore</span> <span class='ocrx_word' id='word_1_129' title='bbox 490 2515 606 2602; x_wconf 86' lang='lat' dir='ltr'>(medio</span> <span class='ocrx_word' id='word_1_130' title='bbox 628 2538 710 2582; x_wconf 91' lang='lat' dir='ltr'>anno</span> <span class='ocrx_word' id='word_1_131' title='bbox 734 2518 870 2604; x_wconf 72' lang='lat'>690,&#39;64)</span> <span class='ocrx_word' id='word_1_132' title='bbox 897 2515 1071 2582; x_wconf 88' lang='lat' dir='ltr'>iandudum</span> <span class='ocrx_word' id='word_1_133' title='bbox 1097 2525 1238 2584; x_wconf 91' lang='lat' dir='ltr'>mortuus</span> <span class='ocrx_word' id='word_1_134' title='bbox 1265 2527 1332 2583; x_wconf 89' lang='lat' dir='ltr'>erat</span> <span class='ocrx_word' id='word_1_135' title='bbox 1354 2515 1495 2600; x_wconf 85' lang='lat' dir='ltr'>(Asconii</span> <span class='ocrx_word' id='word_1_136' title='bbox 1584 2512 1586 2517; x_wconf 69' lang='grc'>’</span> 
     </span>
     <span class='ocr_line' id='line_1_17' title="bbox 328 2621 1497 2711; baseline 0 -23"><span class='ocrx_word' id='word_1_137' title='bbox 328 2633 492 2690; x_wconf 76' lang='lat' dir='ltr'>comment.</span> <span class='ocrx_word' id='word_1_138' title='bbox 514 2623 555 2689; x_wconf 89' lang='lat' dir='ltr'>ad</span> <span class='ocrx_word' id='word_1_139' title='bbox 572 2623 734 2690; x_wconf 82' lang='lat' dir='ltr'>Ciceronis</span> <span class='ocrx_word' id='word_1_140' title='bbox 759 2625 942 2705; x_wconf 85' lang='lat' dir='ltr'>orationem,</span> <span class='ocrx_word' id='word_1_141' title='bbox 964 2647 1059 2711; x_wconf 89' lang='lat' dir='ltr'>quam</span> <span class='ocrx_word' id='word_1_142' title='bbox 1075 2623 1186 2691; x_wconf 87' lang='lat' dir='ltr'>babuit</span> <span class='ocrx_word' id='word_1_143' title='bbox 1207 2623 1239 2689; x_wconf 92' lang='lat' dir='ltr'>in</span> <span class='ocrx_word' id='word_1_144' title='bbox 1262 2633 1335 2711; x_wconf 82' lang='lat' dir='ltr'>toga</span> <span class='ocrx_word' id='word_1_145' title='bbox 1354 2621 1497 2704; x_wconf 90' lang='lat' dir='ltr'>candida,</span> 
     </span>
     <span class='ocr_line' id='line_1_18' title="bbox 330 2726 1497 2819; baseline 0.001 -23"><span class='ocrx_word' id='word_1_146' title='bbox 330 2734 371 2798; x_wconf 84' lang='grc'>93</span> <span class='ocrx_word' id='word_1_147' title='bbox 387 2730 542 2816; x_wconf 85' lang='lat' dir='ltr'>Orosius).</span> <span class='ocrx_word' id='word_1_148' title='bbox 573 2733 681 2818; x_wconf 83' lang='lat' dir='ltr'>Atque</span> <span class='ocrx_word' id='word_1_149' title='bbox 700 2729 868 2798; x_wconf 87' lang='lat' dir='ltr'>Sallustius</span> <span class='ocrx_word' id='word_1_150' title='bbox 891 2731 960 2819; x_wconf 86' lang='lat' dir='ltr'>ipse</span> <span class='ocrx_word' id='word_1_151' title='bbox 982 2730 1064 2796; x_wconf 76' lang='lat' dir='ltr'>lianc</span> <span class='ocrx_word' id='word_1_152' title='bbox 1079 2729 1206 2797; x_wconf 86' lang='lat' dir='ltr'>Pisonis</span> <span class='ocrx_word' id='word_1_153' title='bbox 1223 2726 1355 2796; x_wconf 69' lang='lat' dir='ltr'>aaronem</span> <span class='ocrx_word' id='word_1_154' title='bbox 1371 2753 1438 2818; x_wconf 89' lang='lat' dir='ltr'>cap.</span> <span class='ocrx_word' id='word_1_155' title='bbox 1456 2733 1497 2797; x_wconf 81' lang='lat' dir='ltr'>la</span> 
     </span>
     <span class='ocr_line' id='line_1_19' title="bbox 329 2821 1497 2927; baseline 0.002 -25"><span class='ocrx_word' id='word_1_156' title='bbox 329 2821 567 2904; x_wconf 65' lang='lat' dir='ltr'>memoraverat}</span> <span class='ocrx_word' id='word_1_157' title='bbox 586 2860 625 2903; x_wconf 88' lang='lat' dir='ltr'>co</span> <span class='ocrx_word' id='word_1_158' title='bbox 644 2840 743 2924; x_wconf 81' lang='lat' dir='ltr'>magis</span> <span class='ocrx_word' id='word_1_159' title='bbox 758 2835 949 2903; x_wconf 89' lang='lat' dir='ltr'>credendum</span> <span class='ocrx_word' id='word_1_160' title='bbox 965 2831 1027 2919; x_wconf 82' lang='lat' dir='ltr'>est,</span> <span class='ocrx_word' id='word_1_161' title='bbox 1041 2837 1110 2903; x_wconf 88' lang='lat' dir='ltr'>illas</span> <span class='ocrx_word' id='word_1_162' title='bbox 1126 2847 1231 2924; x_wconf 87' lang='lat' dir='ltr'>partas</span> <span class='ocrx_word' id='word_1_163' title='bbox 1246 2847 1358 2927; x_wconf 91' lang='lat' dir='ltr'>postea</span> <span class='ocrx_word' id='word_1_164' title='bbox 1373 2835 1497 2904; x_wconf 90' lang='lat' dir='ltr'>additas</span> 
     </span>
     <span class='ocr_line' id='line_1_20' title="bbox 329 2943 1498 3032; baseline 0 -22"><span class='ocrx_word' id='word_1_165' title='bbox 329 2965 407 3010; x_wconf 87' lang='lat' dir='ltr'>essa.</span> <span class='ocrx_word' id='word_1_166' title='bbox 453 2944 489 3009; x_wconf 92' lang='lat' dir='ltr'>P.</span> <span class='ocrx_word' id='word_1_167' title='bbox 512 2943 641 3011; x_wconf 87' lang='lat' dir='ltr'>Sittium</span> <span class='ocrx_word' id='word_1_168' title='bbox 664 2944 827 3010; x_wconf 85' lang='lat' dir='ltr'>Drumaun</span> <span class='ocrx_word' id='word_1_169' title='bbox 851 2946 975 3032; x_wconf 79' lang='lat' dir='ltr'>putat*)</span> <span class='ocrx_word' id='word_1_170' title='bbox 1004 2943 1113 3010; x_wconf 88' lang='lat' dir='ltr'>Pisoni</span> <span class='ocrx_word' id='word_1_171' title='bbox 1138 2945 1169 3010; x_wconf 89' lang='lat' dir='ltr'>in</span> <span class='ocrx_word' id='word_1_172' title='bbox 1193 2944 1350 3032; x_wconf 86' lang='lat' dir='ltr'>Hispania</span> <span class='ocrx_word' id='word_1_173' title='bbox 1372 2965 1498 3010; x_wconf 86' lang='lat' dir='ltr'>succes·</span> 
     </span>
     <span class='ocr_line' id='line_1_21' title="bbox 328 3049 1497 3140; baseline 0.001 -24"><span class='ocrx_word' id='word_1_174' title='bbox 328 3051 422 3133; x_wconf 80' lang='lat' dir='ltr'>sisse3</span> <span class='ocrx_word' id='word_1_175' title='bbox 447 3049 533 3138; x_wconf 91' lang='lat' dir='ltr'>quod</span> <span class='ocrx_word' id='word_1_176' title='bbox 557 3061 661 3117; x_wconf 90' lang='lat' dir='ltr'>utrum</span> <span class='ocrx_word' id='word_1_177' title='bbox 684 3074 793 3117; x_wconf 83' lang='lat' dir='ltr'>verum</span> <span class='ocrx_word' id='word_1_178' title='bbox 816 3053 871 3131; x_wconf 89' lang='lat' dir='ltr'>sit,</span> <span class='ocrx_word' id='word_1_179' title='bbox 894 3073 1009 3133; x_wconf 90' lang='lat' dir='ltr'>necne,</span> <span class='ocrx_word' id='word_1_180' title='bbox 1036 3051 1068 3117; x_wconf 91' lang='lat' dir='ltr'>in</span> <span class='ocrx_word' id='word_1_181' title='bbox 1092 3050 1196 3118; x_wconf 79' lang='lat' dir='ltr'>aredio</span> <span class='ocrx_word' id='word_1_182' title='bbox 1219 3051 1443 3140; x_wconf 88' lang='lat' dir='ltr'>relinquamus,</span> <span class='ocrx_word' id='word_1_183' title='bbox 1465 3051 1497 3117; x_wconf 88' lang='lat' dir='ltr'>in</span> 
     </span>
     <span class='ocr_line' id='line_1_22' title="bbox 329 3157 1496 3241; baseline 0 -17"><span class='ocrx_word' id='word_1_184' title='bbox 329 3157 577 3224; x_wconf 82' lang='lat' dir='ltr'>Mauretaniam</span> <span class='ocrx_word' id='word_1_185' title='bbox 605 3181 677 3224; x_wconf 90' lang='lat' dir='ltr'>cum</span> <span class='ocrx_word' id='word_1_186' title='bbox 707 3181 769 3224; x_wconf 91' lang='lat' dir='ltr'>nun</span> <span class='ocrx_word' id='word_1_187' title='bbox 796 3167 870 3224; x_wconf 85' lang='lat' dir='ltr'>anta</span> <span class='ocrx_word' id='word_1_188' title='bbox 893 3159 1023 3224; x_wconf 87' lang='lat' dir='ltr'>exilium</span> <span class='ocrx_word' id='word_1_189' title='bbox 1046 3181 1152 3241; x_wconf 90' lang='lat' dir='ltr'>snum,</span> <span class='ocrx_word' id='word_1_190' title='bbox 1180 3159 1199 3225; x_wconf 89' lang='lat' dir='ltr'>i.</span> <span class='ocrx_word' id='word_1_191' title='bbox 1226 3181 1253 3224; x_wconf 86' lang='lat' dir='ltr'>a.</span> <span class='ocrx_word' id='word_1_192' title='bbox 1281 3168 1354 3224; x_wconf 87' lang='lat' dir='ltr'>aute</span> <span class='ocrx_word' id='word_1_193' title='bbox 1380 3179 1496 3224; x_wconf 90' lang='lat' dir='ltr'>aunum</span> 
     </span>
     <span class='ocr_line' id='line_1_23' title="bbox 330 3264 1498 3358; baseline 0.002 -28"><span class='ocrx_word' id='word_1_194' title='bbox 330 3267 452 3354; x_wconf 71' lang='lat' dir='ltr'>ausfur</span> <span class='ocrx_word' id='word_1_195' title='bbox 476 3266 651 3347; x_wconf 86' lang='lat' dir='ltr'>transiisse,</span> <span class='ocrx_word' id='word_1_196' title='bbox 673 3275 706 3332; x_wconf 88' lang='lat' dir='ltr'>at</span> <span class='ocrx_word' id='word_1_197' title='bbox 727 3264 890 3332; x_wconf 80' lang='lat' dir='ltr'>Ciceronis</span> <span class='ocrx_word' id='word_1_198' title='bbox 912 3270 970 3353; x_wconf 86' lang='lat' dir='ltr'>(pr.</span> <span class='ocrx_word' id='word_1_199' title='bbox 999 3264 1087 3331; x_wconf 85' lang='lat' dir='ltr'>Sulla</span> <span class='ocrx_word' id='word_1_200' title='bbox 1109 3267 1164 3349; x_wconf 84' lang='lat'>56)</span> <span class='ocrx_word' id='word_1_201' title='bbox 1186 3275 1219 3331; x_wconf 90' lang='lat' dir='ltr'>et</span> <span class='ocrx_word' id='word_1_202' title='bbox 1239 3265 1355 3330; x_wconf 89' lang='lat' dir='ltr'>Diouis</span> <span class='ocrx_word' id='word_1_203' title='bbox 1384 3269 1448 3348; x_wconf 78' lang='lat'>(43,</span> <span class='ocrx_word' id='word_1_204' title='bbox 1467 3269 1498 3358; x_wconf 77' lang='lat'>3)</span> 
     </span>
    </p>

    <p class='ocr_par' dir='ltr' id='par_1_2' title="bbox 232 3370 1501 4423">
     <span class='ocr_line' id='line_1_24' title="bbox 329 3370 1497 3460; baseline 0 -23"><span class='ocrx_word' id='word_1_205' title='bbox 329 3372 508 3438; x_wconf 86' lang='lat' dir='ltr'>testimonio</span> <span class='ocrx_word' id='word_1_206' title='bbox 530 3381 663 3438; x_wconf 77' lang='lat' dir='ltr'>constat.</span> <span class='ocrx_word' id='word_1_207' title='bbox 707 3370 771 3439; x_wconf 87' lang='lat' dir='ltr'>Sed</span> <span class='ocrx_word' id='word_1_208' title='bbox 795 3374 889 3438; x_wconf 89' lang='lat' dir='ltr'>ctiam</span> <span class='ocrx_word' id='word_1_209' title='bbox 917 3373 944 3438; x_wconf 91' lang='lat' dir='ltr'>si</span> <span class='ocrx_word' id='word_1_210' title='bbox 970 3371 1139 3439; x_wconf 87' lang='lat' dir='ltr'>Sallustius</span> <span class='ocrx_word' id='word_1_211' title='bbox 1162 3373 1193 3438; x_wconf 91' lang='lat' dir='ltr'>in</span> <span class='ocrx_word' id='word_1_212' title='bbox 1217 3371 1411 3460; x_wconf 80' lang='lat' dir='ltr'>temporibus</span> <span class='ocrx_word' id='word_1_213' title='bbox 1434 3393 1497 3438; x_wconf 90' lang='lat' dir='ltr'>nou</span> 
     </span>
     <span class='ocr_line' id='line_1_25' title="bbox 232 3462 1499 3566; baseline 0.001 -23"><span class='ocrx_word' id='word_1_214' title='bbox 232 3462 241 3474; x_wconf 46' lang='lat'>⁸</span> <span class='ocrx_word' id='word_1_215' title='bbox 329 3479 506 3560; x_wconf 79' lang='lat' dir='ltr'>annuisset,</span> <span class='ocrx_word' id='word_1_216' title='bbox 529 3517 572 3528; x_wconf 89' lang='lat'>—</span> <span class='ocrx_word' id='word_1_217' title='bbox 594 3477 671 3566; x_wconf 93' lang='lat' dir='ltr'>quid</span> <span class='ocrx_word' id='word_1_218' title='bbox 694 3477 844 3545; x_wconf 86' lang='lat' dir='ltr'>iuvabant</span> <span class='ocrx_word' id='word_1_219' title='bbox 865 3481 1024 3545; x_wconf 84' lang='lat' dir='ltr'>exercitus</span> <span class='ocrx_word' id='word_1_220' title='bbox 1046 3479 1078 3545; x_wconf 93' lang='lat' dir='ltr'>in</span> <span class='ocrx_word' id='word_1_221' title='bbox 1101 3477 1306 3546; x_wconf 86' lang='lat' dir='ltr'>abditissimis</span> <span class='ocrx_word' id='word_1_222' title='bbox 1328 3477 1414 3545; x_wconf 85' lang='lat' dir='ltr'>orbis</span> <span class='ocrx_word' id='word_1_223' title='bbox 1436 3487 1499 3545; x_wconf 90' lang='lat' dir='ltr'>ter·</span> 
     </span>
     <span class='ocr_line' id='line_1_26' title="bbox 330 3585 1498 3674; baseline 0.002 -24"><span class='ocrx_word' id='word_1_224' title='bbox 330 3607 431 3652; x_wconf 90' lang='lat' dir='ltr'>rarum</span> <span class='ocrx_word' id='word_1_225' title='bbox 465 3585 589 3673; x_wconf 82' lang='lat' dir='ltr'>angulis</span> <span class='ocrx_word' id='word_1_226' title='bbox 622 3585 889 3652; x_wconf 84' lang='lat' dir='ltr'>coniurationem?</span> <span class='ocrx_word' id='word_1_227' title='bbox 933 3585 1050 3652; x_wconf 85' lang='lat' dir='ltr'>Nonae</span> <span class='ocrx_word' id='word_1_228' title='bbox 1084 3609 1182 3674; x_wconf 82' lang='lat' dir='ltr'>parva</span> <span class='ocrx_word' id='word_1_229' title='bbox 1215 3608 1325 3653; x_wconf 76' lang='lat' dir='ltr'>ritanus</span> <span class='ocrx_word' id='word_1_230' title='bbox 1360 3585 1391 3651; x_wconf 87' lang='lat' dir='ltr'>iu</span> <span class='ocrx_word' id='word_1_231' title='bbox 1427 3585 1498 3652; x_wconf 84' lang='lat' dir='ltr'>loro</span> 
     </span>
     <span class='ocr_line' id='line_1_27' title="bbox 331 3689 1499 3782; baseline 0 -24"><span class='ocrx_word' id='word_1_232' title='bbox 331 3689 484 3760; x_wconf 85' lang='lat' dir='ltr'>Catilinae</span> <span class='ocrx_word' id='word_1_233' title='bbox 504 3693 611 3758; x_wconf 87' lang='lat' dir='ltr'>utilior</span> <span class='ocrx_word' id='word_1_234' title='bbox 632 3691 754 3774; x_wconf 78' lang='lat' dir='ltr'>luisset,</span> <span class='ocrx_word' id='word_1_235' title='bbox 776 3715 869 3780; x_wconf 88' lang='lat' dir='ltr'>quam</span> <span class='ocrx_word' id='word_1_236' title='bbox 890 3702 1054 3760; x_wconf 83' lang='lat' dir='ltr'>sescentae</span> <span class='ocrx_word' id='word_1_237' title='bbox 1069 3691 1209 3782; x_wconf 84' lang='lat' dir='ltr'>legiones</span> <span class='ocrx_word' id='word_1_238' title='bbox 1232 3693 1263 3759; x_wconf 90' lang='lat' dir='ltr'>in</span> <span class='ocrx_word' id='word_1_239' title='bbox 1280 3692 1499 3760; x_wconf 79' lang='lat' dir='ltr'>Mauretania?</span> 
     </span>
     <span class='ocr_line' id='line_1_28' title="bbox 330 3790 1499 3887; baseline 0.002 -23"><span class='ocrx_word' id='word_1_240' title='bbox 330 3798 426 3887; x_wconf 84' lang='lat' dir='ltr'>Apud</span> <span class='ocrx_word' id='word_1_241' title='bbox 449 3797 634 3866; x_wconf 87' lang='lat' dir='ltr'>Sallustium</span> <span class='ocrx_word' id='word_1_242' title='bbox 657 3821 748 3865; x_wconf 88' lang='lat' dir='ltr'>nemo</span> <span class='ocrx_word' id='word_1_243' title='bbox 770 3790 846 3865; x_wconf 85' lang='lat' dir='ltr'>talia</span> <span class='ocrx_word' id='word_1_244' title='bbox 868 3823 907 3866; x_wconf 85' lang='lat' dir='ltr'>ex</span> <span class='ocrx_word' id='word_1_245' title='bbox 931 3799 1070 3866; x_wconf 87' lang='lat' dir='ltr'>Catilina</span> <span class='ocrx_word' id='word_1_246' title='bbox 1091 3802 1227 3887; x_wconf 73' lang='lat' dir='ltr'>quaeerit,</span> <span class='ocrx_word' id='word_1_247' title='bbox 1257 3800 1331 3887; x_wconf 86' lang='lat' dir='ltr'>quia</span> <span class='ocrx_word' id='word_1_248' title='bbox 1353 3797 1394 3866; x_wconf 91' lang='lat' dir='ltr'>ad</span> <span class='ocrx_word' id='word_1_249' title='bbox 1416 3802 1499 3866; x_wconf 85' lang='lat' dir='ltr'>aius·</span> 
     </span>
     <span class='ocr_line' id='line_1_29' title="bbox 331 3904 1500 3995; baseline 0.002 -25"><span class='ocrx_word' id='word_1_250' title='bbox 331 3904 414 3971; x_wconf 78' lang='grc' dir='ltr'>ιιιοᾶί</span> <span class='ocrx_word' id='word_1_251' title='bbox 438 3906 713 3994; x_wconf 80' lang='lat' dir='ltr'>interrogationem</span> <span class='ocrx_word' id='word_1_252' title='bbox 736 3929 921 3994; x_wconf 79' lang='lat' dir='ltr'>responsum</span> <span class='ocrx_word' id='word_1_253' title='bbox 946 3905 1065 3972; x_wconf 89' lang='lat' dir='ltr'>nullum</span> <span class='ocrx_word' id='word_1_254' title='bbox 1095 3916 1153 3973; x_wconf 79' lang='lat' dir='ltr'>est.</span> <span class='ocrx_word' id='word_1_255' title='bbox 1198 3905 1341 3995; x_wconf 90' lang='lat' dir='ltr'>Scriptor</span> <span class='ocrx_word' id='word_1_256' title='bbox 1364 3905 1404 3973; x_wconf 92' lang='lat' dir='ltr'>ad</span> <span class='ocrx_word' id='word_1_257' title='bbox 1427 3928 1500 3995; x_wconf 90' lang='lat' dir='ltr'>pro·</span> 
     </span>
     <span class='ocr_line' id='line_1_30' title="bbox 330 4009 1500 4103; baseline 0.003 -25"><span class='ocrx_word' id='word_1_258' title='bbox 330 4009 464 4079; x_wconf 86' lang='lat' dir='ltr'>bandum</span> <span class='ocrx_word' id='word_1_259' title='bbox 480 4013 671 4102; x_wconf 87' lang='lat' dir='ltr'>opinionem,</span> <span class='ocrx_word' id='word_1_260' title='bbox 691 4036 784 4101; x_wconf 90' lang='lat' dir='ltr'>quam</span> <span class='ocrx_word' id='word_1_261' title='bbox 807 4012 847 4079; x_wconf 87' lang='lat' dir='ltr'>da</span> <span class='ocrx_word' id='word_1_262' title='bbox 863 4012 1021 4080; x_wconf 87' lang='lat' dir='ltr'>Catilinae</span> <span class='ocrx_word' id='word_1_263' title='bbox 1036 4013 1183 4103; x_wconf 88' lang='lat' dir='ltr'>cupidine</span> <span class='ocrx_word' id='word_1_264' title='bbox 1198 4012 1379 4080; x_wconf 87' lang='lat' dir='ltr'>dominandi</span> <span class='ocrx_word' id='word_1_265' title='bbox 1395 4013 1500 4091; x_wconf 72' lang='lat' dir='ltr'>habet,</span> 
     </span>
     <span class='ocr_line' id='line_1_31' title="bbox 332 4117 1500 4208; baseline 0.007 -24"><span class='ocrx_word' id='word_1_266' title='bbox 332 4117 394 4184; x_wconf 94' lang='lat' dir='ltr'>duo</span> <span class='ocrx_word' id='word_1_267' title='bbox 409 4118 494 4186; x_wconf 86' lang='lat' dir='ltr'>lacta</span> <span class='ocrx_word' id='word_1_268' title='bbox 513 4143 585 4186; x_wconf 90' lang='lat' dir='ltr'>cum</span> <span class='ocrx_word' id='word_1_269' title='bbox 601 4121 816 4187; x_wconf 79' lang='lat' dir='ltr'>coniuratione</span> <span class='ocrx_word' id='word_1_270' title='bbox 831 4121 1005 4202; x_wconf 86' lang='lat' dir='ltr'>coniunxit,</span> <span class='ocrx_word' id='word_1_271' title='bbox 1019 4143 1100 4208; x_wconf 86' lang='lat' dir='ltr'>quae</span> <span class='ocrx_word' id='word_1_272' title='bbox 1116 4119 1157 4187; x_wconf 87' lang='lat' dir='ltr'>ad</span> <span class='ocrx_word' id='word_1_273' title='bbox 1171 4143 1240 4187; x_wconf 89' lang='lat' dir='ltr'>eam</span> <span class='ocrx_word' id='word_1_274' title='bbox 1257 4143 1319 4186; x_wconf 91' lang='lat' dir='ltr'>nou</span> <span class='ocrx_word' id='word_1_275' title='bbox 1335 4121 1500 4192; x_wconf 79' lang='lat' dir='ltr'>referenda</span> 
     </span>
     <span class='ocr_line' id='line_1_32' title="bbox 332 4225 1500 4318; baseline 0.004 -28"><span class='ocrx_word' id='word_1_276' title='bbox 332 4232 412 4294; x_wconf 80' lang='lat' dir='ltr'>strat.</span> <span class='ocrx_word' id='word_1_277' title='bbox 456 4226 549 4306; x_wconf 81' lang='lat' dir='ltr'>Quae</span> <span class='ocrx_word' id='word_1_278' title='bbox 578 4225 619 4292; x_wconf 90' lang='lat' dir='ltr'>ad</span> <span class='ocrx_word' id='word_1_279' title='bbox 649 4225 777 4294; x_wconf 91' lang='lat' dir='ltr'>Sittium</span> <span class='ocrx_word' id='word_1_280' title='bbox 804 4229 978 4317; x_wconf 88' lang='lat' dir='ltr'>pertinent,</span> <span class='ocrx_word' id='word_1_281' title='bbox 1005 4227 1100 4318; x_wconf 87' lang='lat' dir='ltr'>paulo</span> <span class='ocrx_word' id='word_1_282' title='bbox 1129 4227 1310 4295; x_wconf 87' lang='lat' dir='ltr'>obscuriora</span> <span class='ocrx_word' id='word_1_283' title='bbox 1332 4239 1420 4309; x_wconf 89' lang='lat' dir='ltr'>suut,</span> <span class='ocrx_word' id='word_1_284' title='bbox 1443 4227 1500 4295; x_wconf 84' lang='lat' dir='ltr'>sed</span> 
     </span>
     <span class='ocr_line' id='line_1_33' title="bbox 331 4331 1501 4423; baseline 0.003 -25"><span class='ocrx_word' id='word_1_285' title='bbox 331 4355 402 4399; x_wconf 89' lang='lat' dir='ltr'>aum</span> <span class='ocrx_word' id='word_1_286' title='bbox 425 4333 493 4400; x_wconf 89' lang='lat' dir='ltr'>siue</span> <span class='ocrx_word' id='word_1_287' title='bbox 515 4331 613 4400; x_wconf 89' lang='lat' dir='ltr'>dubio</span> <span class='ocrx_word' id='word_1_288' title='bbox 635 4334 833 4423; x_wconf 84' lang='lat' dir='ltr'>popularium</span> <span class='ocrx_word' id='word_1_289' title='bbox 855 4358 906 4403; x_wconf 88' lang='lat' dir='ltr'>res</span> <span class='ocrx_word' id='word_1_290' title='bbox 931 4337 963 4401; x_wconf 90' lang='lat' dir='ltr'>in</span> <span class='ocrx_word' id='word_1_291' title='bbox 984 4335 1094 4401; x_wconf 75' lang='lat' dir='ltr'>Airita</span> <span class='ocrx_word' id='word_1_292' title='bbox 1117 4335 1228 4422; x_wconf 82' lang='lat' dir='ltr'>egerit,</span> <span class='ocrx_word' id='word_1_293' title='bbox 1251 4335 1420 4403; x_wconf 84' lang='lat' dir='ltr'>verisimile</span> <span class='ocrx_word' id='word_1_294' title='bbox 1443 4345 1501 4418; x_wconf 86' lang='lat' dir='ltr'>cst,</span> 
     </span>
    </p>
   </div>
   <div class='ocr_carea' id='block_1_2' title="bbox 333 4479 596 4490">
    <p class='ocr_par' dir='ltr' id='par_1_3' title="bbox 333 4479 596 4490">
     <span class='ocr_line' id='line_1_34' title="bbox 333 4479 596 4490; baseline 0.008 -2"><span class='ocrx_word' id='word_1_295' title='bbox 333 4479 596 4490; x_wconf 51' lang='grc' dir='ltr'><strong><em>..ω-α...-</em></strong></span> 
     </span>
    </p>
   </div>
   <div class='ocr_carea' id='block_1_3' title="bbox 439 4563 938 4636">
    <p class='ocr_par' dir='ltr' id='par_1_4' title="bbox 439 4563 938 4636">
     <span class='ocr_line' id='line_1_35' title="bbox 439 4563 938 4636; baseline 0.008 -15"><span class='ocrx_word' id='word_1_296' title='bbox 439 4567 463 4636; x_wconf 76' lang='lat'>⁸)</span> <span class='ocrx_word' id='word_1_297' title='bbox 482 4564 516 4621; x_wconf 85' lang='lat' dir='ltr'>ll.</span> <span class='ocrx_word' id='word_1_298' title='bbox 534 4567 569 4622; x_wconf 84' lang='lat' dir='ltr'>(l.</span> <span class='ocrx_word' id='word_1_299' title='bbox 581 4565 617 4622; x_wconf 88' lang='lat' dir='ltr'>V.</span> <span class='ocrx_word' id='word_1_300' title='bbox 636 4567 687 4621; x_wconf 71' lang='lat' dir='ltr'>tl?</span> <span class='ocrx_word' id='word_1_301' title='bbox 709 4563 799 4623; x_wconf 69' lang='lat' dir='ltr'>lelna</span> <span class='ocrx_word' id='word_1_302' title='bbox 820 4567 938 4626; x_wconf 72' lang='lat' dir='ltr'>(tara.</span> 
     </span>
    </p>
   </div>
   <div class='ocr_carea' id='block_1_4' title="bbox 0 4 1668 5120">
    <p class='ocr_par' dir='ltr' id='par_1_5' title="bbox 0 4 1668 5120">
     <span class='ocr_line' id='line_1_36' title="bbox 0 4 1668 5120; baseline 0 0"><span class='ocrx_word' id='word_1_303' title='bbox 0 4 1668 5120; x_wconf 95' lang='lat' dir='ltr'> </span> 
     </span>
    </p>
   </div>
  </div>
 </body>
</html>
