3274 5032
297 705 475 791 diximus).·
512 703 608 772 Haud
630 707 780 771 accurata
802 701 945 788 scriptor
976 698 1067 782 dicit,
1098 721 1208 769 omnes
1241 697 1409 770 senatores
1440 697 1575 766 Catonis

297 807 492 878 mutantiam
513 825 585 874 esse
607 809 740 872 secutos
762 801 890 890 (contar
910 799 987 868 Sall.
1009 821 1039 869 c.
1053 803 1105 885 hh,
1121 801 1173 890 v).
1215 801 1372 883 Quamvis
1387 803 1423 870 iu
1437 801 1575 888 reliquis

298 910 414 980 Florus
444 928 466 977 a
497 907 656 976 Sallustio
689 927 755 976 non
788 906 887 974 valde
921 903 1052 975 diderat
1079 910 1112 973 et
1138 905 1175 975 in
1196 907 1259 974 ine
1283 904 1382 990 ,belli
1403 904 1573 974 cathinae‘*

299 1015 409 1084 eadem
432 1012 540 1096 verba,
561 1029 635 1100 quas
655 1009 842 1092 Sallustius,
865 1007 909 1095 (c.
931 1009 984 1091 60,
998 1049 1023 1092 ,.
1048 1014 1081 1078 et
1101 1011 1154 1092 60,
1170 1008 1211 1096 4.)
1233 1010 1344 1091 iaciat,
1367 1013 1476 1076 umen
1508 1029 1576 1075 non

299 1116 533 1198 contenderim,
560 1114 694 1183 Florum
733 1112 927 1183 Sallustium
960 1112 1173 1199 excerpsisse,
1208 1113 1268 1183 sed
1299 1113 1369 1182 eius
1402 1116 1577 1193 aucmrem,

304 1217 444 1304 Livium,
487 1238 505 1286 a
544 1215 701 1286 Sallustio
736 1215 885 1283 hausisse
922 1215 1076 1303 putarim,
1118 1235 1195 1282 nam
1231 1215 1280 1283 ita
1315 1216 1437 1305 optime
1473 1233 1578 1302 appa·

299 1325 358 1400 ret,
378 1318 539 1407 quomodo
559 1319 681 1387 iactum
704 1319 759 1403 sit,
781 1322 818 1385 nt
838 1316 954 1386 Florus
975 1318 1070 1386 modo
1093 1337 1166 1385 cum
1199 1317 1352 1386 Sallustio
1385 1321 1580 1402 congrueret

298 1423 393 1491 modo
415 1422 456 1490 ab
478 1443 515 1492 eo
536 1423 737 1492 dissentiret
781 1420 888 1489 Pauca
908 1425 1015 1488 autem
1037 1424 1125 1503 sunt,
1159 1439 1231 1507 qua
1262 1419 1393 1488 Florus·
1412 1419 1578 1508 copiosius

300 1545 397 1612 qnam
419 1525 444 1593 ii
467 1517 655 1613 scriptores,
678 1526 718 1593 de
755 1523 875 1611 quihus
912 1521 1130 1590 dissernimus
1161 1526 1195 1589 et
1225 1520 1432 1604 disseremus,
1465 1519 1581 1589 atterat

300 1628 425 1711 (confer
446 1629 535 1697 Flor.
557 1649 590 1718 p.
616 1632 667 1698 ts.
690 1631 729 1698 de
751 1627 894 1697 Cornelii
916 1625 1050 1712 Cethegi
1073 1626 1108 1693 in
1132 1627 1265 1696 tratrem
1288 1621 1487 1708 sonantia).
1531 1621 1579 1726 De

299 1731 386 1799 Flori
408 1733 470 1800 lide
492 1737 620 1801 tantum
642 1733 821 1802 dicendum
843 1737 904 1816 est,
927 1732 1021 1801 illum
1044 1730 1206 1800 erroribus
1230 1727 1397 1799 nonnullis
1427 1730 1578 1812 praeter·

301 1835 422 1919 missis,
442 1856 523 1924 qnos
545 1857 610 1904 non
632 1836 702 1904 cius
724 1835 860 1918 aucuri,
892 1834 950 1903 sed
972 1833 1004 1902 ei
1025 1833 1092 1921 ipsi
1113 1832 1254 1900 tribuere
1276 1830 1430 1899 dehemus
1453 1828 1580 1914 (confer

302 1935 486 2012 relationem
509 1939 549 2006 de
570 1939 693 2024 ,altera
714 1939 900 2027 proditione
923 1936 1113 2021 Volturcii,“
1148 1938 1189 2006 de
1220 1936 1365 2006 Catilina
1398 1936 1433 2004 in
1455 1936 1582 2026 Apulia

301 2038 473 2124 debellato,
495 2042 535 2110 de
561 2041 647 2110 falso
681 2041 810 2110 nomine
844 2039 1068 2126 ,Longrtnrt
1103 2041 1187 2109 tanti
1219 2060 1292 2108 osse
1324 2039 1581 2122 aestimandum,

300 2144 413 2229 quanti
435 2145 506 2212 cius
526 2145 660 2212 iontem.
710 2143 823 2230 ltaque
845 2150 883 2211 ut
903 2149 1097 2231 repetemus,
1126 2163 1199 2230 quae
1220 2143 1286 2209 iam
1309 2141 1350 2209 de
1373 2141 1469 2210 Floro
1492 2142 1582 2210 diri·

8 2230 11 2240 ‘
99 2275 104 2287 ·
233 2243 235 2246 ’
301 2262 374 2312 mos
389 2243 522 2331 (confer
543 2245 688 2330 Tondet,
709 2245 746 2314 ll.
769 2246 804 2315 L.
829 2247 870 2314 de
892 2245 925 2314 J.
949 2245 1045 2315 Floro
1067 2265 1099 2333 p.
1122 2247 1185 2313 719
1205 2241 1339 2330 iffi),
1362 2265 1427 2312 non
1449 2244 1582 2312 dubita·

303 2367 385 2430 mus,
405 2349 486 2438 quin
508 2349 626 2419 Florus
648 2355 734 2419 recte
759 2349 843 2418 Livii
866 2351 1063 2439 epitomator
1084 2349 1223 2417 dicatur.
1280 2429 1283 2436 Δ

469 2675 472 2682 ,
516 2687 519 2694 ¹
614 2575 753 2702 H„
780 2571 1259 2696 Appianum

387 2759 482 2830 Unde
501 2762 676 2849 Appianae
697 2753 732 2830 in
754 2761 841 2830 bello
863 2760 956 2830 civili
987 2759 1028 2842 ll,
1060 2761 1155 2844 2-7,
1188 2761 1243 2829 uhi
1277 2762 1317 2830 de
1352 2762 1577 2830 coniuratione

303 2861 496 2933 Catilinaria
528 2865 686 2952 loquitur,
720 2863 877 2947 hauserit,
915 2862 955 2930 de
988 2883 1028 2930 ea
1062 2883 1098 2930 re
1121 2863 1270 2932 historici
1292 2865 1492 2933 recentiores
1514 2884 1581 2932 non

303 2967 519 3042 consentiunt
563 2966 651 3036 Dtthi
674 2968 762 3035 enirn
785 2967 833 3054 (p.
856 2967 930 3034 870.
951 2965 987 3032 in
1008 2965 1128 3032 Adnot
1150 2966 1193 3034 ad
1214 2964 1375 3054 Appiae.)
1402 2967 1585 3052 existimat,

303 3067 338 3136 in
359 3067 466 3155 prima
485 3071 579 3157 parte
601 3065 644 3154 (o.
665 3067 776 3154 2-5.)
796 3068 985 3156 Appianum
1000 3089 1018 3135 e
1032 3066 1186 3135 Sallustio
1212 3068 1293 3152 solo,
1315 3069 1351 3137 in
1367 3069 1472 3140 altera
1485 3076 1582 3158 parte

304 3169 346 3254 (ε.
368 3171 399 3238 6.
421 3176 456 3239 et
476 3169 522 3257 7.)
543 3190 562 3238 ε
584 3170 752 3254 Sallustio,
773 3167 956 3251 Plutarcho,
977 3169 1154 3238 traditione
1176 3170 1331 3258 populari
1346 3169 1507 3257 hausisse,
1529 3175 1585 3241 oni

301 3269 557 3365 >pistomarcus
580 3271 631 3360 (in
653 3271 867 3359 Philologus
889 3269 979 3353 lilii,
995 3270 1033 3357 'p.
1055 3273 1119 3340 473
1140 3271 1189 3358 r.)
1210 3293 1362 3344 assensus
1392 3280 1454 3359 est,
1481 3297 1586 3366 popu·

304 3373 406 3443 larem
422 3376 648 3444 ‘traditionem
676 3374 859 3463 excipiens,
891 3371 1162 3462 Schliephackins
1183 3381 1295 3444 autem
1316 3375 1362 3466 (p.
1385 3379 1437 3447 21.
1461 3384 1496 3446 et
1517 3379 1585 3464 22.)

305 3479 415 3561 sumit,
436 3478 477 3547 ab
498 3479 653 3567 Appiano
673 3479 815 3547 maxime
835 3476 1025 3546 Sallustium
1039 3499 1108 3548 essa
1123 3487 1323 3569 excerptum,
1347 3479 1421 3562 scd,
1444 3479 1586 3550 ubicun-

305 3599 368 3668 qne
390 3578 582 3650 Plutarchus
604 3585 640 3648 et
659 3580 832 3669 Appianas
854 3581 944 3649 inter
965 3599 1001 3648 se
1024 3588 1213 3668 congruant,
1246 3587 1421 3670 utrumque
1444 3584 1586 3672 scripto-

306 3687 374 3750 rem
394 3681 482 3754 lonte
504 3684 668 3752 communi
690 3701 763 3751 esse
786 3703 892 3751 nsum.

314 3833 318 3842 .
373 3784 468 3873 Sap.
490 3785 521 3852 2.
543 3786 718 3874 Appianas
740 3785 831 3870 dicit,
864 3784 1044 3854 Catilinam
1065 3783 1162 3854 Sulla
1182 3786 1306 3855 socium
1329 3809 1367 3858 ac
1388 3789 1587 3860 familiarem

306 3887 419 3973 inisse,
441 3886 494 3956 his
514 3889 626 3958 verbis
648 3907 746 3956 usus:
770 3887 899 3974 ,roua
922 3888 1016 3978 φίλος
1036 3911 1070 3954 τε
1091 3895 1148 3954 acl
1168 3888 1348 3981 στασιώτης
1368 3900 1423 3960 aut
1450 3891 1589 3983 ζηλῶτης

306 3987 450 4076 pc‘lsocc
471 3989 637 4074 myronis!
682 3989 761 4071 Qun
788 3990 889 4060 rerba
921 3991 1010 4080 apud
1041 3990 1231 4059 Sallustium
1264 4013 1330 4062 nou
1363 3995 1589 4081 inveniuntur,

308 4091 367 4158 sed
389 4109 410 4157 a
429 4093 566 4162 veritate
586 4113 653 4161 nou
674 4092 852 4161 abhorrent
872 4093 998 4182 (confer
1019 4091 1105 4162 Plus
1127 4092 1193 4161 cto.
1207 4113 1237 4163 e.
1256 4097 1305 4163 10.
1320 4101 1354 4164 ot
1367 4095 1449 4166 Sull.
1464 4117 1493 4167 c
1508 4097 1588 4186 32.)

309 4189 419 4262 Verba
432 4199 539 4263 autem
555 4195 725 4284 scriptoria
741 4203 816 4280 ,acl
829 4194 1092 4283 θεραπευόμενος
1111 4197 1158 4264 iro
1179 4195 1263 4284 πρὸς
1283 4197 1435 4268 δυνατῶν
1456 4199 1590 4288 coopto

307 4318 342 4363 rc
369 4305 425 4364 aul
451 4298 612 4380 γυναικῶν
640 4299 673 4378 ἐς
698 4297 860 4368 ὑπατείαν
886 4296 1085 4388 παρῆγγελεν
1107 4349 1116 4368 .
1139 4299 1168 4368 .“
1192 4321 1257 4369 non
1280 4301 1385 4387 magis
1407 4323 1508 4392 quam
1531 4304 1592 4374 itta

308 4399 351 4467 ad
371 4398 518 4468 Sallustii
539 4401 765 4470 aucuritatem
786 4407 864 4469 sunt
895 4399 1074 4470 referenda
1128 4399 1238 4491 Neque
1271 4423 1399 4489 negem,
1433 4403 1590 4476 Catilina

310 4501 487 4589 opprobria
507 4510 542 4572 ot
561 4501 740 4571 maledicta
762 4502 797 4570 in
818 4501 1005 4571 Ciceronem
1026 4521 1044 4570 e
1068 4501 1222 4572 Sallustio
1244 4511 1378 4594 sumpta
1406 4528 1473 4576 non
1509 4529 1591 4593 essa,

310 4605 458 4690 quamvis
479 4602 567 4674 Dthi
589 4606 637 4693 (p.
658 4603 736 4690 867)
759 4603 1011 4674 Wicdemannua
1033 4603 1085 4691 (in
1107 4603 1265 4692 Philolog,
1289 4605 1379 4696 XXI,
1402 4629 1435 4698 p.
1457 4611 1531 4678 tre.
1555 4611 1592 4678 n.

310 4705 582 4812 Schliophaekiur
618 4705 667 4795 (p.
702 4707 750 4794 d.)
785 4725 826 4775 aa
862 4724 881 4774 ε
917 4705 1071 4776 Sallustio
1107 4705 1225 4782 hausta
1260 4729 1333 4780 esse
1375 4712 1592 4782 mutondant.
