3300 5128
366 921 452 985 Unde
471 923 542 998 quid
560 923 705 984 eliciatur
723 925 897 1000 priusquam
916 922 1075 996 uideamus,
1093 920 1247 996 paululum
1266 919 1419 980 declinare

188 1037 192 1047 ·
295 1010 394 1072 liceat
425 1011 491 1070 Nou
511 1011 629 1072 silentio
641 1013 808 1088 praeterire
828 1013 917 1072 velim
936 1010 1099 1072 Hemuauul
1117 1011 1250 1081 Peior)
1270 1008 1420 1082 indicium,

298 1101 348 1174 qui
357 1099 550 1160 Plutarchum
561 1102 590 1162 ln
599 1101 677 1160 bello
686 1100 892 1162 Mithridatico
903 1102 1069 1162 enarrando
1080 1101 1145 1171 (uit
1155 1097 1309 1158 Lucullis.
1314 1095 1418 1168 6-37)

297 1203 334 1246 ex
355 1185 499 1248 Sallustio
518 1194 553 1249 ut
569 1191 708 1266 primario
727 1191 809 1251 tonte
827 1193 960 1266 pendere
972 1191 1045 1250 vult
1069 1189 1126 1250 Ille
1150 1205 1215 1262 cup.
1227 1186 1263 1246 30
1290 1183 1420 1244 Pantho*

295 1293 360 1336 rum
378 1293 479 1352 regem
497 1281 624 1355 priorem
643 1280 681 1339 ad
698 1279 857 1340 Lucullum
875 1280 995 1353 legatos
1018 1279 1131 1340 misisse
1155 1283 1188 1337 et
1209 1273 1316 1335 deinde
1338 1272 1419 1331 hunc

296 1363 419 1424 invicem
438 1383 507 1429 snos
525 1369 669 1444 perhibet,
697 1369 747 1442 qul
775 1368 853 1427 allus
878 1367 1062 1441 legationum
1078 1354 1161 1425 ordo
1190 1380 1244 1423 nos
1272 1359 1398 1420 t‘aeile'
1388 1377 1420 1420 ru

299 1469 428 1514 errorem
447 1456 587 1516 inducere
603 1462 710 1531 potest
748 1455 809 1516 Sed
838 1463 892 1515 aut
919 1453 1139 1515 Plutarcluum'
1131 1471 1161 1514 ιιι
1189 1451 1237 1511 luis
1260 1452 1350 1510 rebus
1370 1447 1420 1508 de·

298 1541 462 1603 scribendis
484 1542 575 1604 alium
602 1544 776 1618 scriptorem
803 1549 939 1603 secutum
968 1559 1033 1602 esse
1051 1559 1086 1601 ao
1104 1539 1280 1600 Sallustium
1302 1543 1421 1596 tantum

297 1627 444 1688 interdum
463 1623 627 1706 inspexissd
645 1648 707 1691 cum
733 1631 909 1691 Grasshotlo
934 1631 975 1705 (p.
993 1631 1023 1702 7)
1049 1630 1226 1704 laanoroque
1247 1628 1287 1702 (p.
1305 1627 1324 1686 3
1343 1627 1419 1700 sqq.)

302 1723 468 1776 statuamus
496 1733 634 1778 necessse
661 1725 716 1791 est,
744 1726 798 1779 aut
825 1718 938 1778 iontem
966 1717 1079 1778 omuino
1106 1733 1164 1777 uou
1192 1715 1326 1775 ualemus
1354 1729 1420 1774 cuns

300 1805 469 1878 Heereuo¹)
488 1805 629 1881 indicare,
647 1807 724 1882 quod
742 1808 914 1882 disceptare
933 1808 965 1866 ln
984 1807 1079 1866 animo
1097 1805 1168 1864 milri
1187 1819 1246 1863 uon
1265 1807 1320 1862 ost

373 1893 544 1968 Postquam,
574 1903 607 1954 ut
627 1913 724 1971 spero,
751 1895 822 1955 mihi
842 1895 980 1970 contigit,
1008 1901 1041 1954 at
1057 1891 1242 1952 Mithridatis
1261 1889 1420 1966 epistolam

300 1981 339 2041 ad
370 1998 471 2055 regem
502 1983 639 2043 Arsscm
667 2001 686 2042 a
713 1981 861 2043 Sallust-lo
889 1984 1041 2043 iuuentam
1068 1998 1134 2042 esse
1161 1987 1194 2039 et
1221 1978 1423 2052 excogitatam

300 2069 484 2129 ostenderem
503 2071 623 2144 eiusque
641 2071 805 2132 orationem
825 2072 904 2147 apud
923 2069 1055 2144 Trogum
1076 2069 1107 2128 lu
1131 2067 1244 2128 nullius
1262 2065 1421 2140 scriptoris

302 2157 481 2218 auctoritate
500 2159 566 2230 ulti,
588 2159 720 2234 satisque
739 2161 810 2220 mild
828 2160 924 2219 multa
942 2160 1035 2219 uerba
1051 2159 1157 2218 fecisse
1181 2157 1264 2217 visos
1287 2171 1366 2228 sunu,
1390 2154 1421 2213 iu

304 2246 453 2306 nonnullis
473 2246 679 2322 discrepantiis
704 2250 784 2308 iuter
802 2247 963 2323 epistulam
983 2248 1201 2319 orationemque
1221 2250 1253 2303 et
1270 2242 1439 2302 varietate-

301 2334 541 2407 dissensloueque
569 2336 790 2406 senitentiarum,
820 2349 897 2407 quae
925 2335 1059 2395 nimirum
1091 2352 1127 2394 ex
1151 2334 1218 2408 ipsa
1240 2332 1285 2391 rei
1308 2334 1421 2390 natura

301 2427 473 2497 sequuntur,
492 2430 591 2483 turiuen
611 2423 712 2482 mirum
732 2440 895 2484 consensus
914 2423 1041 2497 speciem
1059 2429 1091 2480 et
1108 2419 1280 2495 cumprime
1293 2418 1351 2478 lam
1372 2417 1422 2475 ob·

302 2511 369 2568 tuto
397 2511 540 2582 eminere,
568 2527 640 2586 prae
667 2524 726 2581 qua
753 2517 917 2571 evanescat
946 2511 1129 2570 diversitatis
1157 2507 1302 2581 cogitatio
1331 2512 1423 2580 atque

301 2599 479 2671 emoriatur,
506 2598 537 2659 id
561 2598 674 2670 quiden
698 2617 714 2658 e
739 2600 839 2659 causis
867 2606 930 2660 tum
958 2599 989 2658 iu
1012 2604 1120 2657 natura
1144 2602 1206 2656 tum
1230 2595 1261 2654 ia
1284 2593 1423 2668 opinione
1485 2639 1488 2644 .

303 2686 409 2759 positis
427 2686 595 2746 loculenter
612 2687 746 2760 elucebit,
766 2685 939 2762 Pompeium
952 2685 1082 2760 Trogum
1102 2691 1204 2746 aetate
1217 2679 1419 2753 inier·lorem¹)

306 2773 415 2846 prioris
434 2772 572 2858 Sallustii
590 2773 668 2834 dicta
694 2791 759 2834 cum
787 2776 890 2849 ntique
917 2775 1051 2849 potuisse
1077 2787 1238 2848 excerpere
1261 2775 1322 2829 tum
1347 2785 1421 2828 vero
1505 2817 1529 2836 ,.
1636 2795 1638 2814 1

304 2861 497 2936 excerpsisse

374 2947 480 3010 Oritur
497 2965 575 3009 nuum
593 2950 734 3024 quaestio,
752 2967 820 3010 anm
840 2952 931 3010 etiam
951 2955 983 3010 st
1001 2946 1227 3024 quonammodo

611 3143 737 3215 asturis
760 3143 792 3215 in
815 3143 931 3232 operis
954 3143 1103 3232 partitos

283 3315 688 3406 'TrognsSallustilluerit
711 3315 875 3396 studiosus.¹
914 3336 1002 3411 Quod
1024 3337 1187 3412 indaganti,
1206 3356 1271 3399 cunr
1291 3337 1423 3398 viderem

305 3437 441 3494 maguam
469 3438 535 3482 esse
563 3423 780 3483 similitudinem
808 3423 889 3484 inter
916 3425 1015 3501 prima
1031 3423 1139 3484 Instinl
1166 3427 1312 3502 epitomes
1331 3427 1427 3486 verba

307 3515 339 3567 et
357 3505 494 3568 Sallustii
513 3508 662 3571 Catilinae
680 3511 841 3585 exordium,
870 3529 947 3586 quae
975 3511 1116 3572 neminem
1143 3512 1240 3586 fallat,
1268 3513 1340 3573 milri
1359 3529 1427 3588 per·

306 3593 506 3656 ¹suasissimum
525 3599 591 3670 init,
609 3606 763 3673 postquam
782 3599 857 3658 allos
876 3606 909 3659 ot
934 3599 1119 3661 doctissimos
1143 3601 1259 3675 quidem
1283 3601 1365 3660 uiros
1389 3601 1427 3660 si·
1482 3671 1484 3676 ,
1576 3679 1579 3686 γ

306 3683 402 3744 milem
429 3683 487 3744 ium
515 3687 691 3746 sententiam
719 3687 875 3762 aperuisse
903 3686 1108 3747 auianudrertt
1163 3689 1240 3749 Dico
1275 3687 1427 3748 Sassiam

308 3772 401 3832 solam
419 3772 449 3832 in
468 3775 706 3834 annotationibus
725 3775 764 3834 ad
783 3772 922 3834 Sallustii
942 3773 1102 3834 Catilinam
1119 3775 1211 3849 plaid
1234 3775 1292 3846 (ed.
1309 3775 1428 3835 Hauer-

307 3857 433 3935 mmp⁴):
452 3857 587 3920 Iustinus
605 3862 698 3920 nostrl
717 3861 851 3921 aemulus
870 3867 903 3920 et
920 3859 1059 3936 legurm
1077 3879 1105 3935 p.
1123 3863 1191 3921 320:
1210 3863 1358 3938 Iustinus,
1378 3863 1429 3938 qul

309 3955 441 4006 nostrum
459 3947 523 4008 lere
542 3949 682 4022 sequitur.
718 3949 879 4022 Adiungas
899 3965 993 4023 supra
1019 3965 1085 4022 pag.
1102 3949 1146 4008 21.
1176 3949 1237 4010 Sed
1264 3957 1366 4010 tamen
1395 3957 1430 4010 ut

308 4033 427 4110 Trogus
454 4036 484 4096 lu
512 4037 602 4096 rebus
620 4035 831 4098 llitluriduticis
850 4034 1029 4096 Sallustium
1054 4037 1166 4097 modice
1193 4045 1310 4098 tanturn
1328 4039 1430 4114 potuit

309 4125 486 4196 exscribere,
504 4141 570 4184 euru
587 4131 794 4200 praeterquam
813 4124 892 4199 quod
910 4125 999 4199 primi
1022 4124 1093 4184 belli
1110 4125 1255 4186 aduersus
1274 4124 1428 4186 Romanos
1513 4199 1516 4205 Ι

308 4397 469 4546 aldim
484 4405 600 4474 Quellen
612 4405 758 4462 Plutarcho
775 4405 804 4462 in
824 4405 876 4462 den
888 4405 1067 4478 Dlographioa
1084 4405 1132 4464 der
1143 4409 1240 4486 Romen
1257 4388 1336 4466 idelis
1352 4409 1430 4466 1885.
1440 4389 1448 4400 ’

308 4489 453 4615 pm
471 4517 588 4602 tenutas
605 4547 633 4602 ot
655 4547 813 4603 auctoritato
831 4547 947 4604 niumm
966 4545 1151 4617 parallelnmm
1170 4545 1307 4604 Plotamlri
1332 4563 1430 4604 comm

312 4609 350 4667 tv
369 4613 514 4686 Gottingae
534 4615 609 4672 reat.
775 4633 780 4638 ·

380 4683 450 4786 Ἰοῐ.
467 4701 516 4755 sap
498 4701 625 4770 ρης
643 4685 747 4770 idsqq.

392 4758 403 4830 l
420 4751 618 4822 umentorum»,
635 4753 770 4822 Utaaieeti,
787 4754 882 4830 iisqne
899 4753 1014 4814 &mitis
1032 4753 1106 4812 lili.
