3274 5032
262 693 392 744 summa
413 697 449 744 ro
484 695 505 742 a
539 673 686 742 Caesaris
723 671 868 739 oratione
901 689 977 738 rere
1009 669 1045 737 in
1078 675 1195 739 senatu
1233 669 1323 738 dicta
1359 688 1423 737 non
1460 664 1556 734 ualde

265 776 485 855 abhorruisse.

264 977 267 982 ¹
349 897 398 966 De
418 895 568 965 Caesaris
589 894 752 963 sententia
773 891 809 978 (6
828 893 897 973 43.)
920 891 972 980 iis,
995 910 1067 979 quae
1089 891 1177 960 Ddbi
1200 885 1296 978 (diss.
1319 912 1352 979 p.
1367 888 1427 973 46)
1459 889 1556 962 uixit

265 1002 435 1070 66666666.
1353 1073 1356 1082 Ι
1450 1021 1452 1028 ·

349 1143 377 1191 6.
399 1121 451 1187 62.
495 1117 656 1186 Venimus
677 1116 722 1183 ad
753 1114 886 1184 Catonis
919 1115 1107 1182 orationem.
1152 1114 1343 1183 Mirandum
1371 1121 1431 1199 est,
1464 1114 1551 1202 quod

263 1221 296 1292 S.
317 1225 506 1307 orationem,
528 1241 627 1310 quam
647 1217 760 1286 Cicero
782 1216 898 1285 babuit
919 1223 995 1306 post
1016 1217 1167 1286 Caesaris
1199 1217 1391 1302 orationem,
1426 1217 1556 1286 silentio

263 1326 506 1416 praetermittit.
551 1323 711 1411 Equidem
734 1322 877 1409 putarim
894 1322 1087 1407 scriptorem
1102 1319 1268 1388 Ciceronis
1285 1321 1466 1389 orationem
1480 1320 1556 1388 ideo
1588 1388 1592 1396 ,

264 1429 469 1516 neglexisse„
492 1426 579 1514 quod
612 1427 648 1492 in
681 1425 791 1492 animo
824 1423 951 1508 habuit,
987 1430 1025 1489 ut
1055 1421 1227 1491 Caesarem
1262 1430 1295 1490 et
1327 1423 1484 1492 Catonem
1506 1423 1554 1490 ita

264 1553 375 1604 eorum
405 1534 571 1600 orationes
600 1531 685 1598 inter
707 1549 742 1596 se
764 1547 953 1617 comparare
975 1529 1058 1614 (uid.
1081 1549 1109 1596 6.
1131 1531 1184 1609 63,
1207 1572 1234 1612 ,.
1258 1535 1292 1622 et
1312 1550 1339 1597 c.
1362 1526 1442 1606 66).
1485 1524 1557 1592 Huc

263 1638 403 1720 accedit,
423 1637 511 1724 quod
531 1634 699 1704 Ciceronis
722 1632 847 1700 amicus
871 1652 936 1699 non
964 1631 1028 1698 fuit
1055 1637 1090 1698 et
1122 1632 1211 1718 quod
1244 1632 1376 1699 videtur
1409 1629 1557 1710 sciuisse,

263 1739 430 1809 Ciceronis
462 1739 641 1805 orationem
674 1735 887 1824 optimatibus
921 1734 996 1822 plus
1028 1735 1156 1801 timoris
1186 1755 1284 1822 quam
1309 1733 1438 1802 bduroiae
1458 1737 1554 1817 atque

264 1841 367 1910 enimi
389 1841 552 1909 iniecisse.
1143 1929 1215 1944 Q

349 1976 445 2046 Recta
468 1975 553 2046 Ddbi
576 1975 671 2062 (diss.
695 1995 727 2064 p.
749 1976 807 2059 46)
831 1975 951 2054 docuit,
985 1974 1177 2043 Sallustium
1213 1959 1347 2042 Catonis
1370 1973 1554 2040 orationem

264 2085 339 2148 onte
361 2081 471 2149 oculos
486 2079 638 2147 babuisse
654 2099 719 2145 non
735 2077 851 2160 videri,
866 2076 923 2145 sed
937 2075 1104 2144 Ciceronis
1120 2077 1299 2144 orationem
1315 2073 1371 2143 w.
1388 2077 1424 2142 in
1439 2075 1554 2142 Catili·

90 2218 108 2275 :-
194 2213 195 2218 ¹
264 2201 351 2251 nam.
394 2179 486 2262 Q'uod
500 2201 574 2249 cum
589 2179 776 2263 concedam,
799 2186 909 2246 mmor
923 2178 1047 2263 dubito,
1071 2199 1151 2246 num
1163 2179 1306 2266 scriptor
1321 2197 1368 2246 ex
1384 2196 1451 2244 uno
1465 2178 1556 2244 fonte

263 2285 349 2355 bano
370 2285 562 2368 cretionem,
582 2304 682 2371 quam
704 2281 784 2350 Cato
807 2281 912 2365 babet,
935 2282 1055 2366 fingere
1069 2283 1224 2370 potuerit.
1269 2277 1430 2346 Nonnulli
1445 2285 1555 2347 autem

263 2386 327 2455 loci
350 2392 436 2470 sunt,
457 2405 595 2475 quorum
616 2384 695 2452 tides
718 2384 795 2452 eliis
810 2384 958 2451 tontibus
973 2384 1192 2452 confirmetur.
1236 2382 1276 2451 ln
1291 2403 1328 2451 eo
1345 2383 1445 2466 enim,
1466 2383 1556 2469 quod

263 2487 344 2558 Coto
381 2487 667 2557 mansuetudinem
707 2494 742 2554 et
778 2486 1038 2554 misericordiam
1073 2485 1093 2564 θ
1129 2487 1179 2552 ll.
1211 2486 1262 2554 12.
1285 2488 1460 2574 vituperat,
1482 2500 1581 2552 oum·

265 2590 439 2660 Plutarcho
461 2593 513 2679 (in
534 2588 614 2658 Vita
634 2588 707 2657 Cat.
730 2609 760 2657 6.
774 2589 841 2673 23.)
856 2594 890 2656 et
905 2587 1031 2686 Velleio
1045 2586 1216 2655 Paterculo
1232 2585 1289 2673 (ll,
1301 2587 1369 2674 36.)
1386 2590 1556 2668 consentit,

264 2695 415 2782 quamvis
437 2694 612 2764 Sallustius
636 2712 700 2760 nos
724 2693 814 2760 dieat
842 2689 1039 2778 (secundum
1062 2691 1221 2758 rationem
1246 2690 1443 2779 politicam),
1476 2691 1555 2759 baec

265 2795 399 2865 Catonis
421 2797 519 2865 uerba
540 2796 714 2866 Caesarem
736 2801 856 2884 petere.
900 2795 990 2863 ldem
1012 2794 1047 2880 (ὅ
1073 2796 1137 2879 16.)
1162 2801 1393 2863 commemoret
1414 2797 1555 2884 quidem,

265 2897 421 2968 Catonem
443 2902 542 2969 rerba
563 2901 688 2984 iecisse,
709 2918 784 2987 quae
804 2897 974 2968 Caesarem
998 2899 1033 2966 in
1068 2899 1305 2968 coniurationis
1338 2899 1557 2988 suspicionem

266 3003 432 3088 vocarent,
464 3002 523 3070 sed
557 3021 668 3069 eorum
698 3002 765 3069 vim
801 3007 949 3070 attenuat
970 3006 1005 3068 et
1026 3001 1151 3087 trangit
1172 3001 1299 3088 (conier
1321 3001 1407 3070 Plut
1430 3001 1465 3067 in
1487 2999 1555 3068 Vit

265 3103 334 3174 Cat
356 3127 384 3174 6.
406 3107 458 3175 23.
481 3111 513 3176 et
534 3107 570 3173 in
592 3104 659 3173 vit
682 3103 749 3174 Cio.
771 3126 799 3173 6.
822 3103 900 3190 21.).
944 3101 1017 3171 Non
1039 3109 1220 3200 ostentam
1243 3125 1318 3172 cum
1335 3103 1444 3172 Dubio
1460 3103 1557 3189 (diss.

266 3228 298 3296 p.
319 3210 373 3275 46.
394 3207 479 3292 vid.)
502 3210 696 3296 negandum,
719 3209 912 3278 Sallustium
937 3211 1096 3279 nonnulla
1111 3212 1147 3279 in
1162 3211 1222 3278 hac
1237 3213 1384 3280 oratione
1399 3212 1443 3279 ad
1458 3231 1554 3278 suum

264 3310 437 3387 arbitrium
452 3311 642 3400 depinxisse
657 3313 784 3397 (confer
807 3313 827 3393 ξ
852 3313 998 3395 19-24,
1020 3313 1178 3398 5702).
1206 3307 1210 3316 ’
1226 3313 1335 3383 Verba
1352 3323 1461 3384 autem
1476 3315 1496 3395 6
1511 3317 1554 3381 29

268 3433 355 3500 ,non
375 3414 460 3481 uotis
476 3435 577 3502 neque
592 3415 766 3504 suppliciis
782 3415 995 3484 muliebribus
1010 3417 1137 3484 auxilia
1152 3417 1285 3485 deorum
1298 3418 1476 3505 ριιιιιιιιιιιιι
1492 3437 1557 3485 non

266 3515 586 3600 assolutamente
609 3517 731 3604 (6.46.
755 3517 849 3604 diss.)
873 3519 1098 3602 concesserim,
1133 3519 1282 3587 sednon
1315 3521 1472 3605 negarim,
1506 3520 1558 3590 bis

38 3610 41 3619 '
100 3642 141 3717 ι·
269 3617 389 3702 uerbis,
421 3635 494 3707 qua
526 3619 569 3687 ad
586 3614 730 3688 'Catonis
753 3640 857 3688 mores
878 3639 1007 3688 severos
1030 3621 1274 3689 accommodata
1295 3621 1453 3690 uidentur
1474 3644 1558 3706 esse,

265 3719 449 3790 Ciceronem
461 3723 539 3811 peti.
561 3717 1556 3807 DebocorationeidemaodeCaesarisorationedioam‚eom

266 3825 386 3912 partim
407 3847 449 3893 ex
470 3824 635 3894 Ciceronis
657 3826 802 3892 oratione
819 3822 874 3892 lV.
890 3825 925 3892 in
938 3823 1131 3910 Catilinam,
1149 3825 1273 3912 partim
1288 3846 1330 3893 ex
1350 3826 1559 3894 sermonibus

268 3927 337 3995 sive
357 3927 543 3995 rumoribus
565 3927 751 4016 aequalium
773 3947 845 3995 esse
878 3929 1105 4016 compositam,
1139 3927 1197 3995 sed
1233 3929 1290 4008 ita,
1324 3934 1361 3995 ut
1393 3930 1562 3998 contineat

271 4031 461 4117 ,veritam
483 4034 516 4098 et
536 4029 682 4118 poesim‘.
727 4031 773 4098 At
805 4031 835 4097 si
867 4030 942 4118 quis
976 4029 1163 4113 contendat,
1198 4029 1389 4098 Sallustium
1428 4031 1560 4102 Catonis
1629 4029 1630 4082 i

269 4133 414 4200 oratione
436 4133 509 4221 ipsa
528 4153 624 4200 risuum
648 4152 730 4215 esse,
753 4133 793 4200 de
815 4151 854 4200 eo
877 4133 950 4200 ideo
972 4131 1195 4199 dubitandum
1218 4137 1278 4212 est,
1300 4135 1386 4222 quod
1401 4140 1472 4202 tum
1490 4137 1560 4203 lieri

270 4253 335 4302 non
358 4235 472 4324 potuit,
495 4241 531 4302 ut
552 4233 727 4304 Sallustius
743 4235 899 4303 nonnulla
915 4239 1064 4319 mutaret,
1087 4235 1154 4302 alio
1169 4236 1315 4318 adderet,
1330 4237 1398 4305 alia
1413 4239 1557 4324 lingeret.

272 4335 319 4404 De
334 4335 467 4404 Catonis
482 4339 643 4406 sententia
657 4339 770 4408 rideas
783 4337 868 4406 Duo.
885 4337 979 4424 (diss.
997 4359 1029 4426 p,
1042 4339 1124 4423 tt).
1152 4337 1330 4427 Postquam
1347 4339 1387 4414 de
1402 4341 1563 4408 orationi·

271 4438 332 4508 bus
355 4439 492 4528 egimus,
513 4461 614 4529 pauca
638 4441 679 4510 de
702 4442 818 4510 ceteris
841 4440 1007 4529 capitibus
1029 4447 1109 4508 sunt
1130 4441 1284 4511 dicenda

356 4598 384 4648 6.
406 4579 459 4656 63,
480 4619 507 4660 2.
550 4575 636 4658 Quin
658 4577 832 4647 Sallustius
854 4579 894 4648 de
916 4579 1074 4647 orationis
1095 4579 1295 4649 Catonianae
1323 4585 1442 4648 euentu
1475 4586 1562 4649 reeta

137 4697 144 4716 ·
239 4762 248 4776 ·
271 4679 402 4768 referat,
424 4699 491 4748 non
512 4678 679 4768 babemus,
713 4703 771 4751 cur
794 4681 986 4750 dubitemus
1009 4682 1135 4769 (confer
1156 4683 1225 4752 Cic.
1249 4684 1284 4751 in
1306 4681 1349 4750 M.
1382 4683 1562 4750 ‚britonium
