3308 5120
690 605 733 668 45

121 800 216 888 igitur
239 823 346 866 verunt
371 799 606 888 purgatiancnn
636 798 773 863 Catilina
797 797 952 863 irnnrerito
974 819 1009 862 se
1032 796 1151 863 lrouorc
1173 799 1301 865 ulterra-

122 914 192 974 tnm
217 909 311 972 sentit
341 917 437 993 atque
465 905 679 992 postpositum
702 902 803 968 elitaci
831 904 947 969 liorrrini
979 925 1072 969 novo.
1118 904 1300 991 Indignatio

121 1026 225 1081 antem
249 1014 289 1080 ‹le
312 1012 363 1079 his
382 1013 477 1078 rebus
501 1011 667 1077 verissima
689 1020 794 1075 estet
818 1010 973 1075 simennn
989 1019 1039 1074 est
1053 1011 1301 1099 unumquodque

124 1121 253 1188 verbnm
277 1121 376 1184 totitas
400 1118 564 1207 epistulae.
599 1117 714 1203 Hagen
738 1115 865 1203 ‹prirlem
888 1126 920 1181 et
935 1116 1020 1182 John
1045 1117 1078 1181 in
1101 1140 1139 1183 ea
1161 1117 1300 1184 studium
1389 1184 1393 1190 ,

123 1225 358 1293 obumbrandae
382 1225 494 1312 cnlpae
526 1224 702 1300 inveniunt,
731 1222 787 1288 sut
816 1223 841 1288 si
865 1247 930 1290 rem
954 1225 1022 1289 sine
1053 1224 1098 1289 ira
1128 1247 1165 1290 nc
1195 1225 1301 1290 studio

123 1341 290 1413 tentamus,
322 1331 400 1396 nihil
431 1330 587 1397 errisrrrmli
619 1330 772 1395 virlernns.
817 1331 868 1395 De
891 1331 1054 1417 proposito
1082 1353 1142 1396 suo
1164 1330 1301 1398 Catilina

123 1442 250 1505 omnino
273 1448 367 1518 tacet,
397 1461 474 1524 ergo
497 1437 670 1503 excusandi
698 1435 836 1502 staulium
865 1439 894 1502 in
926 1439 982 1518 eis,
1011 1459 1092 1524 qnae
1116 1460 1188 1504 non
1217 1437 1303 1503 dieta

124 1557 206 1626 snut,
228 1544 444 1632 quaerendum
466 1556 560 1611 esset.
595 1543 704 1610 Solam
727 1544 875 1609 infamem
895 1544 1111 1631 suspicionem
1131 1544 1303 1633 impugnat,

125 1675 159 1719 sc
182 1651 307 1733 abiisse,
331 1675 371 1718 ne
389 1653 555 1741 pecuniam
572 1660 713 1716 rrrtttnam
737 1648 897 1731 redderem
919 1652 1101 1738 ceteroquin
1126 1673 1188 1717 non
1205 1661 1303 1732 comt,

125 1758 200 1846 «prid
224 1760 311 1826 cives
335 1758 376 1825 ele
400 1782 435 1825 se
458 1759 607 1846 cogitent
654 1757 694 1823 Ei
724 1759 777 1823 erni
802 1759 878 1838 vim,
908 1759 958 1822 eni
983 1756 1057 1824 inda
1080 1781 1100 1823 a
1122 1758 1304 1826 Vestalium

127 1866 282 1953 virginum
307 1866 508 1932 accusatione
531 1867 664 1951 gmtiam
687 1862 834 1941 habebat,
861 1865 957 1930 libere
981 1867 1121 1952 profiteri
1144 1865 1241 1953 eupit,
1269 1888 1304 1932 sc

126 1995 208 2038 riona
231 1973 343 2038 moliri.
390 1972 505 2057 Hagen
534 1971 688 2059 imprimis
718 1971 809 2037 tincae
837 1971 991 2062 epistulae
1018 1970 1202 2038 mendacem
1234 1995 1305 2038 csse

127 2089 226 2168 putat,
248 2103 321 2144 eum
344 2079 461 2145 Cicero
485 2077 642 2146 Catilinae
670 2100 733 2145 non
762 2078 862 2144 sulum
891 2077 1022 2144 insidias
1046 2101 1109 2144 non
1137 2081 1305 2166 paraverit,

128 2209 235 2252 venun
268 2187 364 2252 etiam
401 2187 532 2271 gavisus
565 2188 626 2266 sit,
664 2185 750 2273 quoel
788 2185 870 2251 illius
906 2188 1085 2274 praesentia
1121 2185 1307 2253 liberaretur

127 2299 207 2382 (pag.
232 2296 317 2377 227).
363 2293 509 2373 Factum,
537 2315 601 2379 quo
625 2291 742 2380 Hagen
772 2293 890 2374 nititur,
920 2315 1028 2358 verum
1057 2303 1117 2373 est,
1146 2292 1204 2360 sed
1231 2315 1306 2358 mn·

127 2401 236 2480 clusio,
265 2423 359 2487 quam
391 2421 429 2465 ex
460 2421 499 2465 eo
529 2400 636 2476 traxit,
665 2398 745 2466 falsa
775 2411 832 2465 est.
884 2399 1022 2466 Catilina
1050 2409 1126 2488 post
1153 2403 1304 2466 minacem

128 2507 265 2573 consulis
296 2507 483 2587 orationem,
511 2529 605 2595 quam
637 2510 768 2573 senatns'
799 2529 909 2593 magna
939 2529 1019 2574 voce
1048 2507 1243 2589 landavemt,
1271 2529 1306 2574 se

128 2623 230 2679 tnttnn
265 2635 336 2680 csse
371 2637 570 2701 nequaquan
602 2615 810 2695 existiman
849 2615 875 2680 si
909 2613 1024 2680 Cicem
1060 2613 1308 2680 extmonlinaria

128 2730 286 2808 potestate
310 2744 368 2786 sera
390 2720 559 2802 utebatur,
581 2744 704 2787 stunnra
728 2721 889 2787 calamitas
911 2722 941 2786 ei
964 2721 1111 2788 instabat.
1151 2720 1308 2808 Denique,

129 2817 218 2916 plena
248 2851 288 2894 ne
316 2827 470 2908 dicamus,
498 2839 644 2916 apparet,
671 2827 841 2894 Catilinam
870 2828 901 2893 in
929 2827 989 2894 hae
1016 2828 1154 2917 epistula
1184 2851 1205 2894 a
1231 2851 1307 2894 vero

129 2933 288 3001 declinare
315 2936 457 3002 noluisse
481 2945 700 3022 -qnantum
729 2937 797 3023 ipse
820 2957 854 3000 se
877 2935 1034 3017 fefellerit,
1063 2958 1214 3023 quaerere
1246 2959 1307 3002 non

130 3065 210 3128 npm
233 3053 291 3108 est
330 3041 406 3107 Hoc
429 3043 501 3130 ipso
524 3041 602 3107 lraoc
625 3041 763 3130 epistula
784 3044 898 3108 ceteris
921 3041 1042 3125 differt,
1064 3065 1136 3108 nam
1159 3042 1246 3130 qnod
1268 3041 1308 3109 ael

131 3170 181 3213 res
203 3151 327 3230 attinet,
349 3149 429 3215 haec
452 3171 579 3237 qttoqne
602 3148 681 3214 nihil
705 3151 838 3215 nuntiat

238 3257 289 3322 36.
335 3255 387 3321 Ex
411 3259 473 3338 eis,
496 3279 577 3344 elnae
599 3266 675 3344 post
698 3257 923 3344 prosectionem
946 3256 1084 3323 Catilina
1106 3256 1199 3338 fecit,
1221 3255 1311 3323 side·

131 3385 215 3445 naris,
237 3385 309 3430 enm
333 3363 537 3453 adeptionem
560 3362 745 3429 consulatus
768 3387 831 3429 uon
855 3363 1071 3452 praetendisse
1093 3364 1310 3445 coniurationi,

132 3492 203 3534 narn
231 3463 350 3558 linricus
381 3471 451 3539 (lies
479 3470 599 3537 Arretii
629 3480 775 3536 versatus
798 3470 964 3537 seditionis
987 3471 1111 3536 initium
1135 3469 1213 3536 tacit
1234 3493 1310 3538 eum

131 3576 279 3661 fascibus
301 3586 401 3666 atpne
424 3579 503 3646 aliis
528 3580 664 3665 imperii
686 3578 876 3662 iasiynitnra
900 3579 937 3642 in
958 3584 1067 3644 eastra
1081 3579 1127 3644 ad
1140 3578 1308 3644 ,llanlium

52 3761 55 3768 Ι
132 3687 339 3752 eonterulens.
381 3685 420 3750 In
443 3685 503 3750 lmo
518 3708 552 3751 re
568 3685 708 3750 ‹ararninm
725 3685 905 3750 testimonia
920 3685 1123 3751 consentiunt
1139 3685 1309 3770 (Plutarchi

133 3791 245 3858 Cicem
275 3815 344 3879 cap.
375 3794 416 3856 16
445 3793 525 3858 finis.
550 3831 592 3843 ·-
616 3793 682 3857 Dio
713 3795 770 3873 37,
801 3795 852 3872 32,
864 3795 893 3858 2.
921 3831 962 3842 -
991 3793 1160 3881 Appianas
1187 3791 1237 3874 ΙΙ,
1271 3797 1311 3876 3)

133 3897 230 3976 Quat
258 3898 312 3964 ubi
341 3897 463 3964 Romae
494 3911 691 3986 corrrpcrtnm
721 3911 784 3981 est,
814 3907 942 3964 senatus
976 3901 1158 3966 Catilinam
1184 3899 1311 3983 (Dionis

136 4007 187 4085 37,
205 4009 256 4085 33,
270 4009 301 4088 3)
324 4012 355 4071 et
371 4005 544 4072 ararum
560 4007 666 4072 leuatae
683 4007 819 4072 indicat.
859 4005 950 4072 Idem
968 4016 1140 4072 sectatores
1156 4005 1311 4072 Catilinae

135 4110 319 4176 subtrahere
342 4113 490 4194 tentavit,
513 4135 584 4178 cnm
603 4114 691 4178 etiem
706 4119 872 4195 statueret,
895 4120 972 4180 rente
988 4135 1088 4200 qaam
1105 4115 1179 4182 siae
1192 4114 1313 4199 [raude

134 4217 176 4282 atr
198 4219 305 4284 arnam
327 4219 490 4286 dise-edere
514 4222 632 4286 liceret.
658 4201 816 4307 ¹Reliqua
838 4242 911 4308 pars
934 4231 1062 4287 senatus
1085 4221 1231 4303 consulti,
1262 4221 1313 4286 ati

135 4325 282 4390 eorrsales
305 4326 463 4393 aletretarn
488 4328 645 4412 habeant,
670 4328 839 4394 Antonias
862 4349 938 4393 eam
961 4329 1104 4394 arereitn
1132 4327 1313 4394 Catilinam

131 4433 287 4518 persequi
319 4439 478 4518 reintraret,
516 4435 626 4501 t'ieero
660 4433 736 4500 urla
754 4435 922 4522 praesidio
949 4435 1008 4520 ait,
1041 4459 1103 4500 non
1127 4437 1196 4502 sina
1218 4457 1314 4502 maran
