3274 5032
244 619 387 707 singulis
402 621 509 690 rebus
531 619 620 689 hauri
644 626 798 687 accurate
821 614 927 687 refert
949 657 990 670 -
1015 636 1123 704 neque
1157 615 1248 683 enim
1281 615 1443 698 nominat,
1481 611 1539 702 qui

243 721 408 790 aCatouo
432 723 466 790 in
500 722 742 792 coniurationis
775 723 1001 809 suspicionem
1035 720 1104 786 sint
1135 719 1245 786 vocati
1278 724 1313 784 et
1346 719 1539 785 universum

244 831 396 892 senatum
430 825 465 892 in
486 824 622 893 Catonis
644 823 846 891 sententiam
868 823 1043 889 transiisse
1068 821 1197 904 (confer
1217 820 1352 887 Sallust
1374 839 1402 886 c.
1426 823 1479 902 53,
1497 819 1539 904 ι.)

245 925 338 1010 uicit,
360 951 398 976 ·-
423 932 534 995 umen
557 926 807 994 concedendum
831 930 893 1008 est,
933 925 968 991 iu
990 927 1129 991 summis
1160 924 1257 993 rebus
1292 923 1386 990 illum
1425 943 1540 990 rerum

246 1029 370 1096 dixisse
393 1047 497 1115 neque
520 1028 670 1098 eonsnlto
695 1029 868 1097 raritatem
892 1028 1096 1095 obscurasse.
1141 1025 1318 1094 Praeterea
1346 1027 1539 1110 negandum

246 1151 311 1197 uon
333 1140 393 1213 cst,
418 1129 581 1200 Velleium
604 1132 639 1197 iu
674 1130 843 1202 nonnullis
876 1150 952 1196 cnm
987 1128 1160 1196 Plutarcho
1193 1130 1394 1198 consentire:
1428 1131 1542 1196 eouler

246 1231 413 1300 Plutarchi
435 1233 553 1316 locum,
577 1233 634 1300 uhi
658 1232 752 1318 dicit,
774 1239 927 1300 sanatum
962 1231 1155 1299 Ciceronem
1188 1232 1321 1298 domurn
1356 1251 1428 1299 esse
1464 1252 1541 1319 pro·

245 1340 393 1402 secutum
415 1333 544 1419 (corrler
568 1333 635 1400 Vit
658 1334 724 1402 Cic.
748 1355 776 1403 c.
798 1335 976 1418 aaaron
1001 1333 1122 1401 Velleii
1146 1333 1257 1401 verbis
1292 1323 1540 1421 „terrenosque

245 1458 322 1525 pars
344 1438 472 1504 ordinis
494 1437 565 1504 clus
588 1436 676 1524 (scil.
699 1437 849 1519 senatus)
864 1435 1057 1504 Ciceronem
1075 1445 1356 1523 prosequerentur
1372 1436 1539 1503 domum.“

245 1539 375 1606 Deinde
392 1540 502 1607 conler
516 1539 686 1608 Plutarchi
702 1538 805 1608 rerba
819 1541 871 1623 (in
887 1536 956 1605 Vit
972 1536 1039 1604 Cic.
1051 1539 1118 1612 21.)
1141 1536 1211 1605 eliu
1230 1535 1407 1624 δεξάμενος
1420 1537 1542 1606 Κάτων

245 1690 280 1712 ..
296 1641 473 1730 ,ἐνέπλησε
493 1640 607 1727 θυμοῦ
621 1651 677 1708 καὶ
692 1638 904 1729 ᾳρονῆματος
921 1637 983 1728 τήν
996 1637 1174 1728 retraheres
1185 1647 1218 1709 el
1232 1643 1266 1708 in
1284 1641 1352 1710 tit.
1362 1641 1432 1708 Cat
1449 1663 1476 1708 c.
1489 1643 1543 1710 23.

246 1743 334 1827 init)
357 1764 432 1810 cnm
455 1741 579 1810 Velleii
602 1743 713 1810 uerbis
736 1749 850 1828 „tauta
878 1745 912 1810 ri
935 1743 1039 1810 euirni
1062 1749 1159 1831 atquo
1183 1745 1294 1830 ingeni
1317 1747 1468 1813 inuectus
1492 1754 1544 1811 est

247 1848 282 1914 in
305 1845 573 1934 coniurationem,
595 1865 635 1912 co
657 1846 774 1913 ardore
798 1847 865 1914 oris
887 1847 1072 1912 orationem
1095 1847 1242 1914 omnium
1265 1848 1441 1915 lenitatem
1465 1867 1542 1914 sua·

2 1907 12 1972 ¹*
138 1963 141 1968 '
248 1949 393 2016 olentium
415 1947 570 2014 societate
591 1948 708 2015 consili
730 1937 916 2036 strepentem
940 1949 1029 2031 lecit,
1051 1949 1099 2015 sic
1122 1947 1349 2037 impendentia
1370 1973 1412 2018 ex
1437 1951 1543 2018 ruinis

245 2051 326 2118 etc!
371 2048 433 2131 Qui
457 2071 530 2118 eum
553 2071 618 2116 nou
641 2051 682 2118 ue
707 2051 816 2118 uerbis
838 2053 926 2118 inter
947 2071 983 2118 se
1007 2051 1227 2134 consentiant,
1259 2053 1316 2119 scd
1352 2053 1393 2119 oe
1433 2052 1541 2133 relius,

245 2173 284 2222 ea
305 2154 471 2222 sententia
492 2152 581 2219 haud
602 2152 717 2241 procul
739 2154 843 2236 ahest,
866 2159 1041 2240 stratuque
1076 2155 1267 2240 scriptorem
1303 2155 1418 2246 eodem
1451 2154 1542 2221 toute

246 2277 317 2324 esse
339 2277 443 2324 usum
486 2255 569 2323 Cum
591 2263 702 2324 antem
727 2256 905 2324 rerisirnlle
929 2257 984 2340 sit,
1007 2255 1219 2324 Plutarchum
1250 2255 1301 2324 his
1334 2255 1426 2337 locis,
1461 2276 1543 2344 rpuos

245 2358 523 2447 supradiximus,
548 2357 653 2442 Lirin,
676 2365 713 2425 ut
729 2365 843 2447 postea
857 2359 1171 2440 eleruonstrahimus,
1194 2379 1267 2426 esse
1286 2381 1393 2449 arsum,
1417 2366 1452 2427 et
1468 2380 1542 2426 cum
1604 2433 1611 2438 .

247 2461 396 2528 Velleius
418 2481 492 2527 curn
514 2460 691 2528 Plutarcho
713 2462 747 2528 in
772 2461 942 2536 nourrullis
965 2468 1135 2546 congruat,
1159 2481 1201 2530 ex
1226 2483 1265 2528 eo
1287 2464 1384 2552 sequi
1402 2464 1544 2546 ridetur,

246 2572 284 2632 ut
303 2563 417 2630 Liuius
439 2570 552 2631 auctor
573 2585 649 2630 curu
672 2563 839 2630 Plutarchi
864 2570 934 2630 tum
958 2561 1080 2630 Velleii
1104 2565 1213 2632 luerit
1257 2565 1337 2644 erre
1364 2567 1480 2654 opinio
1504 2585 1542 2634 eo

248 2666 458 2734 verisimilior
490 2667 536 2750 ht,
572 2667 658 2753 qtrorl
699 2665 842 2733 Velleius
878 2685 921 2733 ex
955 2665 1113 2732 Sallustio
1144 2689 1209 2734 nou
1232 2667 1344 2735 hausit
1366 2689 1483 2754 ireque,
1508 2675 1545 2735 ut

236 2759 388 2850 'sirletus
403 2789 445 2836 ex
457 2768 623 2851 Cicerone,
634 2769 720 2856 quod
732 2767 847 2835 Cicero
861 2789 1022 2856 rrrrsquanr
1034 2769 1075 2836 de
1086 2769 1220 2836 Catonis
1231 2773 1393 2838 sententia
1406 2771 1542 2839 uherius

247 2871 335 2939 dixit
355 2859 389 2962 at
410 2871 497 2957 quorl
518 2873 577 2940 rix
601 2871 673 2938 lieri
694 2872 814 2958 potuit,
837 2877 875 2937 ut
894 2869 1031 2938 Catonis
1052 2875 1215 2940 serrtentia
1238 2872 1294 2954 ita,
1316 2880 1355 2941 ut
1375 2893 1397 2941 a
1415 2872 1543 2941 Velleio

247 2976 369 3042 iactum
382 2971 446 3058 est,
468 2995 489 3042 a
510 2973 668 3042 Cicerone
690 2975 845 3042 laurlihus
868 2975 912 3042 aul
933 2975 1063 3042 coelum
1090 2974 1271 3044 efferretur.
1317 2975 1441 3064 ltaque,
1466 2997 1540 3044 eum

248 3096 353 3164 neque
375 3075 489 3146 Cicero
512 3097 616 3165 neque
639 3077 815 3145 Sallustius
839 3076 958 3146 Velleii
982 3077 1057 3145 ione
1081 3079 1236 3146 violentur
1255 3079 1371 3163 anese,
1396 3079 1544 3148 Velleius

249 3185 359 3246 eutem
381 3199 509 3267 semper
531 3181 655 3247 lentem
679 3200 833 3264 rrragnurn
868 3187 967 3267 etque
1002 3182 1194 3248 continuum
1227 3202 1407 3270 excerpere
1441 3184 1546 3251 serleat

248 3281 377 3368 (corricr
400 3280 542 3349 Dtlhinru
565 3282 610 3350 eu
636 3280 750 3350 Vellei.
774 3281 871 3366 Pat),
893 3283 989 3350 rrobis
1014 3284 1097 3351 nihil
1114 3283 1208 3352 elirrrl
1225 3285 1391 3373 reliquum
1409 3292 1460 3352 est
1476 3287 1541 3353 nisi

248 3390 286 3452 nt
306 3403 483 3468 sumamus,
514 3382 643 3451 Velleio
676 3385 858 3452 rrrarinraru
892 3405 1004 3452 rerum
1039 3384 1262 3454 liomuuarnru
1299 3388 1483 3468 historiam,
1507 3387 1543 3455 T.

250 3487 347 3566 Livii,
369 3492 446 3554 ento
468 3487 578 3554 oculos
600 3506 675 3555 esse
698 3495 878 3556 remotam.
1010 3539 1022 3558 .
1109 3546 1113 3553 .

546 3709 637 3803 E.
697 3710 1241 3804 Plutarchus,

334 3897 385 3967 De
407 3897 552 3966 fontibus
576 3897 744 3965 Plutarchi
767 3898 996 3968 historicorum
1020 3902 1237 3968 recentiorum
1259 3902 1547 3971 sentententiae

250 4001 336 4068 iuter
357 4023 392 4068 se
413 3999 578 4068 ‹lillerunt
622 3999 703 4068 Cum
734 4001 822 4068 euim
845 4000 933 4070 Dtlhi
962 4021 1018 4122 tp.
1043 4004 1151 4070 864
1141 4025 1176 4070 m
1210 4005 1333 4072 Adnot
1367 4007 1409 4073 ari
1447 4005 1547 4088 l’lnt)

251 4109 353 4187 putet,
388 4101 596 4171 Plutarchum
619 4104 767 4170 inaurire
789 4123 858 4170 sum
881 4107 1062 4173 ruariruam
1085 4115 1211 4194 partem
1235 4129 1253 4174 e
1273 4107 1365 4176 toute
1388 4111 1547 4176 eorrtinuo

151 4269 155 4278 ,
250 4207 284 4292 (e
306 4203 426 4289 Liuio)
448 4205 617 4292 reliquae
639 4206 807 4275 Ciceronis
840 4209 1086 4276 ronrnrentariis
1119 4209 1162 4276 de
1200 4209 1373 4278 consulatu
1407 4213 1545 4299 eiusque

251 4306 455 4374 orationihus
489 4316 521 4376 et
552 4330 593 4375 ex
628 4307 784 4376 Sallustio
817 4311 1012 4398 snrnpsisse,
1042 4311 1320 4400 Schliephaclrius
1343 4317 1392 4402 tp.
1415 4317 1468 4381 31.
1491 4319 1547 4384 32.

250 4409 304 4475 29.
326 4409 393 4493 eu.)
417 4408 508 4492 nteit,
530 4431 552 4478 a
575 4408 751 4479 Plutarcho
778 4410 909 4479 Livium
932 4433 1004 4482 esse
1026 4423 1231 4502 excerptum,
1265 4415 1464 4484 Sallustium
1487 4437 1547 4484 an·

252 4519 375 4578 ctorem
388 4510 553 4579 Plutarchi
567 4532 631 4579 non
650 4514 762 4595 luisse,
788 4513 848 4582 seul
871 4513 1012 4583 tortasse
1032 4515 1209 4584 'llrruseom
1236 4515 1368 4586 Paetum
1396 4522 1445 4609 (p.
1468 4523 1547 4604 26),

88 4590 91 4605 ’
158 4696 160 4700 ¹
253 4613 424 4699 neuligens
445 4620 567 4681 eeteros
589 4615 708 4698 lentes,
730 4637 812 4703 qrros
835 4615 922 4684 Dllhi
945 4626 1097 4686 auctores
1120 4617 1285 4687 Plutarchi
1302 4621 1406 4688 tuisse
1425 4623 1548 4704 sumit;
