3274 5032
669 363 864 439 ...q-1...

131 525 197 604 tog.
219 517 326 600 cond,
347 525 387 585 ιιι
399 538 441 584 ex
457 516 651 601 fragmentis
666 515 763 584 huius
779 515 936 583 emtionis
951 498 1103 598 cognosci
1119 517 1239 600 potest,
1262 509 1447 578 nobilitati

132 627 255 690 metum
277 621 401 704 iniecit,
424 613 464 688 ne
484 616 630 686 Catilina
649 619 885 706 Antoniusque,
917 636 979 705 par
1000 614 1181 700 consulum,
1215 634 1289 682 cum
1324 632 1444 702 popu-

131 722 256 791 laribus
278 723 445 790 coniuncti
467 741 537 788 rem
560 721 726 808 publicam
748 727 920 789 vexarent·
958 719 1071 807 ltaque
1093 717 1191 789 facile
1213 719 1286 788 lieri
1311 718 1444 805 potuit,

113 827 171 914 ¹ul
191 824 366 892 Sallustius
389 843 546 918 rumores,
568 824 625 911 qui
646 823 690 891 ad
710 822 862 892 Caesaris
875 821 1049 910 Crassique
1063 821 1339 889 necessitudinem
1354 839 1444 886 cum

97 916 117 938 ''
132 927 277 995 Catilina
288 927 489 1015 spectabant,
503 926 726 1012 posteritatem
741 924 870 1008 celaret,
884 925 1078 1012 praesertim
1090 945 1164 992 cnm
1176 923 1446 1010 cognoverimus,
1561 976 1566 984 .

134 1031 220 1118 qnod
242 1029 415 1098 consilium
439 1029 598 1097 narrandi
620 1028 676 1096 ille
698 1035 827 1096 secutus
849 1029 894 1096 sit
916 1028 1043 1114 (confer
1065 1047 1102 1116 p.
1124 1026 1238 1111 2-5).

221 1131 407 1202 &cundum
429 1131 623 1212 Sallustium
645 1129 688 1218 (e.
711 1131 768 1211 24)
790 1129 935 1198 Catilina
968 1128 1132 1217 repulsam
1169 1149 1287 1218 passus
1321 1145 1447 1195 revera

135 1237 394 1303 coniurationem
417 1235 635 1323 praeparavit
679 1232 762 1301 Cum
783 1234 852 1300 iam
873 1239 949 1300 ante
965 1233 1100 1300 comitia
1114 1231 1303 1300 consularia
1316 1228 1443 1298 Catili-

135 1360 213 1406 nam
235 1339 493 1406 cuniurationem
517 1338 691 1405 facientem
713 1337 823 1422 tingat,
861 1343 937 1426 post
968 1336 1082 1404 eadem
1123 1334 1256 1401 comitia
1291 1331 1445 1400 Catilina

136 1442 394 1509 coniurationem
416 1442 548 1508 auxisse
571 1445 604 1508 et
618 1433 730 1506 omnia
744 1439 786 1506 ad
802 1440 1060 1506 coniurationem
1075 1457 1290 1526 praeparasse
1301 1435 1443 1502 eicitur.

137 1543 239 1610 Estne
261 1543 495 1612 contradictio?
540 1541 636 1610 Recte
658 1543 759 1627 igitur
782 1539 869 1609 Dlibi
892 1540 987 1628 (diss.
1024 1561 1057 1630 p.
1091 1541 1148 1623 24)
1180 1539 1320 1628 quaerit,
1356 1557 1442 1622 narn

137 1647 207 1713 lieri
240 1645 392 1731 potuerit,
426 1651 464 1712 ut
495 1643 639 1714 Catilina
660 1645 774 1713 statim
798 1651 872 1732 post
893 1643 1058 1733 repulsam
1080 1664 1168 1711 anno
1190 1645 1243 1710 64.
1267 1645 1442 1729 acceptam
1465 1658 1477 1706 ι

138 1769 232 1816 arma
253 1769 310 1837 per
344 1747 475 1816 ltaliam
512 1748 726 1816 distribueret
762 1748 935 1834 omniaque
970 1747 1013 1814 ad
1049 1745 1228 1813 tumultum
1266 1742 1441 1834 publicum

139 1857 359 1940 praepararet,
394 1869 470 1919 cum
504 1873 546 1918 ex
574 1851 727 1919 Cicerone
749 1849 875 1936 (confer
898 1855 979 1918 orat.
1003 1850 1039 1917 in
1060 1849 1132 1917 Cat.
1154 1845 1180 1930 l,
1201 1847 1222 1928 ι
1245 1849 1276 1932 t,
1298 1843 1340 1931 ll,
1362 1844 1384 1925 θ
1406 1845 1442 1928 5,

138 1950 230 2037 -Ι,
252 1952 325 2033 ι9.
348 1953 392 2020 24
414 1952 490 2037 etc.)
512 1953 666 2036 sciamus,
688 1973 728 2019 ea
749 1972 835 2019 anno
857 1954 1006 2041 sequenti
1030 1953 1118 2021 iacta
1152 1945 1234 2022 esse.
1290 1949 1341 2017 Ex
1375 1965 1443 2036 quo

140 2055 346 2141 intelligitur,
379 2076 478 2143 quam
512 2075 577 2123 non
600 2056 693 2123 firma
714 2057 876 2124 sententia
896 2077 1007 2125 eorum
1030 2057 1085 2140 sit,
1107 2055 1202 2146 qui
1199 2053 1348 2123 Sallustii
1381 2070 1443 2122 an·

141 2158 293 2226 ctoritate
311 2157 384 2225 nixi
408 2163 537 2245 putant,
559 2157 850 2226 coniurationem
841 2179 906 2226 narn
923 2163 1000 2226 ante
1014 2179 1138 2226 annum
1153 2159 1206 2226 63.
1221 2160 1345 2226 iactam
1359 2172 1441 2222 esse

228 2259 321 2340 Queri
346 2261 390 2328 ιιι
413 2261 516 2327 vitam
539 2272 708 2349 moresque
736 2259 935 2348 Sempronia
958 2259 1001 2346 (c
1038 2261 1096 2343 23)
1135 2261 1263 2344 attinet,
1299 2243 1443 2345 scriptor

142 2364 265 2433 adiecit
284 2364 371 2446 ideo,
393 2363 460 2431 nisi
483 2361 590 2446 fallor,
612 2362 731 2450 qnod'
721 2383 792 2452 rpsa
814 2364 926 2452 sensit,
950 2382 1049 2451 quam
1073 2363 1172 2432 exilis
1194 2366 1281 2432 esset
1296 2357 1442 2429 narratio

148 2486 219 2555 cap.
243 2467 383 2534 24.-26.
428 2464 544 2533 Totum
566 2463 651 2532 illud
673 2471 773 2554 eaput
787 2467 829 2552 (c.
845 2466 903 2552 25)
919 2464 1002 2537 nihil
1019 2465 1111 2534 aliud
1128 2467 1194 2534 nisi
1210 2482 1368 2534 exuemus
1383 2465 1442 2528 est

234 2567 331 2637 Ηιιιιι
369 2574 454 2637 reete
490 2569 632 2655 scriptor
652 2567 746 2636 milri
778 2569 908 2638 viderur
941 2589 968 2638 c
1005 2570 1058 2636 26.
1097 2589 1258 2652 narrasse,
1294 2553 1441 2633 Ciceroni

145 2672 311 2760 principio
332 2669 522 2740 consulatus
542 2669 719 2741 Catilinam
742 2675 882 2742 insidias
896 2695 1030 2764 parasse
1044 2681 1078 2743 et
1091 2673 1279 2742 Ciceronem
1293 2692 1353 2760 per
1367 2665 1442 2738 Ful·

147 2777 236 2843 viam
257 2794 279 2841 a
298 2772 397 2842 Curio
419 2774 621 2862 impetrasse,
643 2781 681 2842 ιιι
698 2773 851 2844 catilina
873 2777 1012 2846 consilia
1032 2777 1193 2864 proderet
1239 2772 1340 2842 lnitio
1354 2773 1442 2841 enirn

102 2875 105 2882 “
148 2877 229 2944 anni
253 2879 305 2944 63.
329 2875 540 2965 popularium
564 2879 707 2966 impetus
730 2880 766 2946 in
789 2887 922 2949 mnatua
943 2881 1148 2948 maiestatem
1171 2878 1252 2947 iacti
1274 2881 1443 2965 suntque

147 2985 292 3067 tempure
323 2979 470 3047 Catilina
501 2977 650 3048 Ciceroni
682 2981 860 3050 insidiatus
882 3003 952 3051 esse
974 3001 1136 3068 nusquam
1158 2981 1298 3050 refertur
1320 2977 1443 3064 (confer

149 3082 192 3150 aui
214 3082 252 3150 id
273 3080 391 3149 rtur·
380 3103 418 3149 ιιι
441 3078 520 3149 Vita
540 3079 608 3150 Cic.
630 3103 658 3152 c.
685 3086 733 3154 12.
760 3083 835 3172 14.,)
858 3091 1087 3172 praeterquam
1109 3084 1197 3204 quael
1219 3083 1277 3150 illo
1300 3088 1441 3168 tempore

150 3185 332 3252 coniuratio
355 3183 502 3251 nondum
525 3185 616 3253 iacta
637 3193 696 3255 est
1504 3267 1507 3272 .

237 3285 404 3373 Principio
427 3287 506 3354 anni
530 3289 593 3373 63,
619 3286 651 3357 S.
674 3309 701 3356 c.
723 3289 776 3356 26.
800 3289 916 3376 pergit,
939 3287 1051 3358 Cicero
1074 3291 1256 3372 Antonium
1290 3287 1441 3372 collegam

102 3447 107 3461 ,
151 3407 188 3454 eo
211 3388 355 3455 adduxit
375 3389 526 3475 pactione
546 3391 734 3478 provincia,
758 3412 798 3460 ne
820 3398 934 3460 contre
956 3413 1025 3461 rem
1047 3392 1214 3480 publicam
1236 3392 1381 3460 sentiret
1405 3459 1408 3466 ,

239 3487 332 3568 Quod
353 3491 397 3558 ad
419 3489 504 3558 lranc
525 3493 708 3578 pactionem
730 3495 882 3581 pertinet,
903 3495 1098 3566 Plutarchus
1122 3496 1157 3562 in
1181 3493 1261 3562 Vita
1281 3491 1441 3563 Ciceronis

154 3609 181 3657 c.
207 3592 257 3659 12.
280 3592 390 3672 refert,
413 3591 601 3662 Ciceronem
623 3596 691 3664 iam
714 3598 934 3685 primisanni
956 3601 1010 3668 63.
1033 3598 1149 3666 diebus
1172 3597 1318 3666 Antonio
1342 3594 1441 3664 liaeo·

155 3696 290 3763 doniam
313 3696 517 3783 prouinciam
541 3716 635 3764 suam
658 3698 846 3786 promisisse
869 3701 978 3788 itaque
999 3703 1035 3770 in
1057 3721 1095 3769 eo
1119 3700 1231 3782 inisse,
1263 3703 1304 3766 nt
1322 3697 1441 3784 legibus

156 3799 296 3884 agrariis
318 3798 447 3865 fortiter
468 3799 619 3866 resistere
640 3821 758 3889 easque
781 3802 945 3870 infirmare
968 3823 1007 3870 ac
1022 3801 1134 3870 tollere
1150 3807 1271 3890 posset.
1316 3799 1439 3890 Exque

157 3900 362 3986 intelligitur,
383 3897 582 3983 Ciceronem,
604 3903 798 3990 praesertim
820 3925 893 3972 cum
917 3903 973 3971 illo
995 3909 1139 3992 tempore
1162 3903 1346 3972 coniuratio
1367 3921 1438 3970 non·

160 4003 238 4071 rium
272 4004 360 4070 iacta
392 4003 447 4084 sit,
485 4002 520 4071 id
554 4005 659 4089 egisse
681 4009 731 4092 (at
753 3993 865 4074 contra
888 4007 1080 4075 Plutarchus
1102 4007 1139 4074 in
1160 4004 1229 4074 vit
1252 4003 1321 4074 Cio.
1344 4025 1373 4074 e
1396 4005 1436 4072 12.

160 4104 243 4174 ialso
272 4113 395 4186 namet,
429 4105 565 4172 Antonii
600 4106 744 4175 consulis
778 4109 962 4176 societatem
997 4129 1071 4177 cum
1108 4107 1313 4176 Catilinariia
1346 4110 1439 4196 ιιιιςίι
1568 4191 1569 4202 ¹

160 4227 258 4295 quarn
282 4227 355 4274 rum
376 4206 591 4306 popularibus
612 4210 827 4297 optimatibus
847 4217 970 4279 metum
1001 4211 1182 4297 iniecisse),
1215 4216 1253 4278 ιιι
1284 4211 1437 4282 Antonius

161 4309 326 4378 Ciceronis
358 4311 557 4396 promissum
590 4311 771 4400 coeptura
799 4312 1004 4401 popularium
1039 4315 1191 4403 partibus
1223 4322 1466 4388 removeretur-⁴

163 4409 266 4490 Quam
299 4432 367 4481 rem
400 4411 449 4479 ita
486 4433 521 4481 se
555 4412 674 4482 natare
709 4414 825 4483 (locent
846 4415 909 4484 loci
931 4417 1020 4503 apud
1042 4416 1230 4487 Ciceronem
1252 4417 1293 4485 de
1307 4416 1369 4504 leg.
1382 4439 1451 4504 agr.-

165 4509 246 4598 lto
271 4516 332 4582 103
352 4521 386 4584 et
407 4516 448 4584 ele
469 4513 532 4602 leg.
553 4537 622 4601 agr.
645 4515 671 4598 l,
693 4519 713 4597 Ε
734 4519 787 4586 26.
843 4517 952 4607 Neque
984 4524 1095 4588 tamen
1129 4521 1302 4589 sententia
1335 4527 1462 4589 norea
