3300 5128
367 830 404 889 eb
421 829 552 905 ipsorum
569 830 691 890 interm
710 829 797 890 melu
957 830 1003 890 11:
1017 828 1187 905 Iamipsum
1197 828 1336 888 Italiam.
1347 873 1353 887 .
1364 873 1371 888 .
1382 843 1457 887 uuu-

921 936 1008 993 quum
1095 918 1171 978 sutis
1191 917 1387 992 illipueatnuu

956 1005 1458 1082 13:hocipse'tcuuporeunivenseuu

921 1097 1042 1157 lteliem
1072 1096 1150 1154 bello
1179 1095 1309 1154 Massico
1337 1109 1458 1154 consur·

920 1186 1043 1246 texisse.

957 1275 1004 1334 142
1033 1281 1065 1333 et
1087 1273 1212 1347 gravius
1229 1273 1328 1332 vicino
1347 1270 1459 1331 Italiae

919 1365 999 1423 bello
1008 1379 1096 1436 quam
1109 1362 1280 1422 domesticis
1291 1360 1458 1435 principum

921 1452 1100 1512 factionibus
1114 1451 1218 1509 unbem
1231 1449 1332 1524 premi,
1351 1448 1456 1506 multo·

922 1557 978 1615 que
996 1539 1192 1616 periculosius
1212 1555 1279 1598 esse
1292 1537 1399 1596 Italico
1417 1537 1458 1595 ci·

921 1631 981 1689 viic
999 1628 1117 1688 bellum.

369 1719 683 1794 iizuequcquicquuun
695 1717 867 1792 upriucipio
958 1737 982 1777 e.
1001 1717 1029 1791 5,
1046 1719 1077 1777 7:
1097 1733 1220 1791 quonum
1239 1715 1314 1776 nihii
1333 1720 1380 1774 est
1392 1713 1452 1774 nisi

332 1810 391 1870 uisi
413 1810 443 1868 vi
467 1813 584 1883 purtem
608 1808 729 1874 lubere.
753 1806 866 1866 domum
921 1808 1000 1866 bello
1019 1807 1195 1880 quaesitum.

333 1898 482 1970 cominges,
501 1915 592 1970 egros
611 1895 778 1970 inperium?

368 1986 405 2046 ci.
423 1985 493 2046 tusc
512 1987 529 2046 1
547 1987 593 2056 48.
607 1987 654 2046 15:
673 1985 721 2046 eni
732 1983 807 2044 nihil
819 1990 868 2044 cst

300 2122 308 2134 .
333 2074 411 2134 doni
429 2075 487 2134 nisi
506 2075 597 2139 uuis
609 2081 728 2150 panium
748 2078 802 2133 unt
812 2090 869 2148 per

332 2165 479 2224 ieiunium.
637 2175 639 2178 ·

369 2253 416 2313 10:
445 2270 501 2327 per
517 2251 705 2312 Nicomedem
728 2251 806 2311 bello
824 2251 868 2309 lu·
960 2254 1007 2312 10:
1020 2250 1208 2312 Nicomedem
1222 2249 1461 2326 pracceptoille·

334 2341 528 2402 cessiveruut
923 2342 1116 2401 1=umbcilum
1136 2340 1194 2400 sibi
1213 2341 1365 2400 intulisse:
1389 2340 1463 2414 quuiu

372 2433 417 2491 lt:
445 2432 547 2504 Atque
566 2448 623 2503 ego
643 2428 724 2490 uitus
743 2430 868 2489 iniurias
924 2431 1018 2490 ultum
1037 2431 1106 2490 ierit
1126 2446 1168 2502 se,
1188 2429 1226 2487 ub
1245 2429 1321 2504 ipsis
1340 2436 1462 2488 ventum

333 2520 520 2580 Nicomeden
538 2519 685 2595 Bithynia
704 2519 811 2593 expuli.
914 2509 1041 2579 ‘obvium
1060 2519 1091 2577 iu
1110 2535 1155 2582 co.

369 2610 399 2669 5:
419 2607 554 2682 Namque
572 2608 716 2668 Romanis
735 2625 798 2668 cuin
817 2625 869 2668 nu·
959 2626 984 2668 c.
1003 2605 1031 2678 6,
1052 2607 1080 2667 l:
1118 2607 1237 2682 Quippe
1261 2623 1320 2666 nou
1351 2607 1464 2666 delicta

335 2699 474 2770 tionibus,
492 2697 619 2772 populis,
642 2698 765 2770 regibus
783 2715 869 2756 cunc·
923 2713 1027 2770 regum
1046 2697 1122 2769 ulos,
1142 2697 1197 2756 sed
1215 2696 1296 2756 vires
1316 2714 1351 2756 ne
1370 2697 1463 2756 maie·
1561 2751 1571 2759 .

336 2787 375 2845 tis
385 2803 445 2845 uun
455 2793 487 2848 et
496 2793 626 2846 euectus
636 2803 729 2845 ceusu
738 2786 870 2845 bollandi
924 2792 1034 2845 steten}
1053 2785 1170 2859 insequi
1188 2802 1285 2859 nequo
1303 2785 1335 2844 iu
1348 2802 1404 2844 uno
1418 2803 1463 2857 sc,

335 2883 391 2950 est,
413 2876 519 2950 cupido
541 2875 691 2950 profunde
714 2875 810 2949 inponi
838 2885 871 2935 et
925 2875 978 2934 sed
1003 2874 1071 2934 eliis
1099 2890 1216 2949 queque
1244 2875 1377 2934 omnibus
1404 2874 1465 2935 inec

334 2965 513 3024 diuitiarum
925 2980 1015 3039 saepe
1034 2969 1100 3023 uite
1119 2971 1286 3036 grassatos

372 3054 418 3115 15:
437 3071 547 3112 morem
561 3069 645 3112 sununs
659 3053 757 3111 onnia
774 3069 871 3126 neges
960 3053 991 3112 7:
1033 3053 1167 3112 ominibus
1205 3055 1328 3126 regibus
1362 3052 1464 3128 legem

314 3195 318 3204 .
337 3141 533 3202 subvertendi
552 3141 656 3202 secuti.
925 3141 1056 3200 odiorum
1075 3141 1196 3202 dixisse

373 3232 420 3292 17:
454 3231 609 3304 omniaque
636 3246 695 3289 nou
723 3247 812 3290 serua
839 3237 872 3292 et
915 3251 917 3256 ’

336 3337 470 3380 muume
492 3337 589 3393 regina
606 3319 729 3379 hostilis
752 3319 870 3380 ducunt

371 3409 400 3468 8:
420 3409 590 3479 Eumenem,
609 3408 692 3468 cuius
712 3409 871 3469 anuiciam
960 3409 1045 3468 3-42
1083 3410 1126 3469 sic
1156 3426 1263 3469 rursus
1293 3409 1466 3482 Eumenem,

336 3497 466 3570 glosiose
485 3504 648 3570 ostentent,
668 3498 753 3557 initio
771 3498 871 3572 prosu·-
926 3497 1010 3558 cuins
1028 3498 1176 3558 elassibus
1194 3499 1290 3573 primo
1308 3500 1339 3559 iu
1355 3499 1466 3559 Asiam

337 3585 407 3646 deuo
420 3585 579 3658 Auitioclio,
598 3586 680 3661 pueis
698 3586 872 3659 meccedem,
926 3589 1010 3645 tuere
1029 3587 1196 3662 nunsiccti,
1220 3589 1304 3648 cuius
1328 3588 1466 3648 exercitu

336 3681 405 3749 pest
441 3675 575 3734 halitum
615 3675 768 3735 custodiae
804 3675 873 3748 agn
926 3676 1023 3749 tnagis
1055 3693 1141 3750 quum
1178 3692 1232 3737 sno
1263 3683 1296 3737 et
1325 3695 1467 3753 magnum

337 3763 459 3838 captivi,
482 3765 650 3838 sumptibus
674 3770 705 3824 et
724 3771 872 3824 centunc-
927 3765 1107 3826 Antiochum
1128 3773 1160 3825 et
1173 3765 1280 3826 Gullos
1299 3767 1330 3826 iu
1342 3767 1421 3828 Asia
1434 3773 1468 3827 et

337 3852 385 3911 liis
413 3868 451 3910 ex
479 3869 551 3925 nege
580 3853 783 3913 nuiscnuunun
811 3870 873 3912 scu·
927 3855 1336 3930 mexiniiececloniuregem
1349 3856 1466 3917 Persen

337 3940 873 4015 vorumeueccuc‚simulcutoquueinpio
929 3951 1104 4004 concuterent
1131 3951 1164 4004 et
1186 3945 1283 4019 ipsum
1301 3962 1355 4020 pro
1377 3945 1469 4005 hoste

338 4034 517 4088 testamento
545 4029 636 4089 tilium
666 4029 730 4090 cius
753 4029 873 4090 Aristo·
927 4032 1467 4107 luibitusueiqueinterdictumltulia,

337 4118 443 4190 uicum,
460 4119 672 4194 qeiupunium
684 4133 808 4194 reguum
824 4135 874 4194 pe·
928 4129 960 4182 et
979 4123 1140 4196 quodcum
1163 4122 1229 4196 ipse
1253 4121 1383 4181 deson-ne
1407 4124 1467 4184 sihi

340 4208 460 4272 tiverut,
471 4206 601 4268 hostium
614 4225 695 4268 none
707 4209 873 4284 pontoium·
928 4217 1120 4286 puniverunt.
1144 4228 1209 4270 cun
1232 4210 1293 4269 tilio
1312 4211 1374 4270 cies
1392 4211 1467 4272 Ari·

337 4295 427 4371 pinum
439 4295 563 4356 duxere:
584 4297 662 4356 Asin
675 4298 713 4356 ab
731 4299 805 4373 ipsis
824 4298 877 4376 ob·¹
928 4300 1042 4360 stonico
1060 4300 1172 4360 bellun
1190 4300 1330 4372 gessisse.

340 4401 426 4446 sessu
443 4391 499 4446 cst
553 4399 556 4404 ·

372 4473 872 4558 0insubvenientcmAntlochun

338 4561 875 4637 concessisseAsiuoperdolumeuor·

337 4657 404 4712 tere
423 4667 459 4710 nc
471 4668 536 4710 mex
549 4653 646 4712 traco·
659 4651 798 4727 Pnntppo
810 4653 875 4714 Au·
