3274 5032
660 495 835 565 ..21-

101 657 153 725 est
173 650 388 742 repudianda,
411 653 622 721 Plutarchum
645 652 729 719 salso
751 673 792 718 ex
816 652 905 718 fonte
935 643 1010 716 sno'
1027 642 1167 716 Neronis
1199 645 1400 717 sententiam
1434 696 1443 708 -

103 779 163 846 pro
185 757 332 824 Caesaris
355 757 517 824 sententia
539 755 752 842 excerpsisse.
796 754 846 821 lle
868 753 1098 846 nelltppianns
1112 752 1245 839 quidem
1260 751 1401 821 Neronis

104 861 300 928 sententiam
341 860 503 925 sinceram
541 863 639 944 atqcue
676 855 875 924 incolumem
912 854 1007 921 uobis
1044 854 1177 922 uidetur
1213 855 1408 937 tradidisse,

104 962 279 1048 Appianas
301 961 389 1028 enim
413 961 512 1027 refert
532 957 705 1026 Caesarem
728 957 926 1023 sententiam
949 955 1074 1040 tulisse,
1108 962 1154 1042 ut,
1169 977 1243 1024 eum
1258 956 1403 1026 Catilina
1439 972 1441 976 ‘

105 1069 190 1132 esset
212 1083 396 1149 oppressus,
420 1064 526 1130 ‹lerruo
550 1063 710 1129 iudicium
733 1066 867 1128 serratus
891 1060 931 1127 de
953 1062 1159 1148 captivorum
1182 1073 1268 1130 sorte
1301 1065 1403 1148 fieret.

106 1174 138 1234 et
160 1165 308 1233 Caesaris
341 1167 538 1234 sententiam
573 1167 620 1233 ita
657 1185 731 1231 com
766 1163 908 1232 Neronis
945 1165 1109 1231 seruientia
1145 1167 1344 1250 commiscet,
1366 1174 1406 1235 ut

108 1274 242 1357 uterque
265 1270 317 1336 vir
339 1288 440 1355 paene
462 1270 550 1337 idern
567 1269 719 1336 uideatur
735 1268 877 1344 dixisse3
900 1267 936 1334 id
950 1266 1048 1354 qurod
1054 1287 1075 1334 a
1090 1269 1226 1336 ueritate
1241 1267 1405 1338 abhorret.
1427 1253 1434 1270 ⁵

107 1373 189 1440 Cum
211 1379 321 1440 autem
343 1377 478 1456 constet,
501 1373 692 1458 Appianum
718 1369 797 1438 lraec
826 1389 891 1435 non
914 1369 1059 1453 tinxisse,
1094 1371 1189 1439 nobis
1222 1372 1407 1459 putandum

109 1484 169 1562 est,
191 1476 331 1543 Neronis
354 1477 548 1542 sententiam
572 1496 636 1542 nou
660 1495 734 1541 rere
764 1481 863 1560 atque
896 1479 1047 1541 accurate
1082 1495 1152 1542 esse
1185 1480 1352 1543 narratam
1374 1481 1411 1543 et

111 1581 300 1668 Appianum
324 1579 407 1645 tnlso
422 1579 464 1645 ad
479 1576 650 1645 Caesarem
666 1578 810 1659 reterre,
819 1595 892 1664 quae
906 1557 949 1643 ad
964 1575 1125 1646 Neronem
1140 1584 1219 1644 sunt
1229 1579 1409 1648 referendo.

111 1683 223 1770 ltaque
244 1702 369 1764 censeo,
391 1701 462 1747 eam
485 1681 695 1762 sententiam,
718 1701 817 1767 quum
840 1701 861 1746 a
881 1679 1019 1747 Caesare
1040 1699 1111 1747 esse
1134 1679 1258 1748 dietam
1281 1680 1428 1766 Plotae,

113 1787 193 1853 cinus
216 1790 338 1867 narrat,
361 1786 444 1868 ideo,
465 1783 551 1870 qarod
575 1803 595 1850 a
616 1782 755 1850 Neronis
777 1781 942 1849 sententia
964 1801 1029 1849 non
1061 1782 1157 1850 valde
1192 1785 1346 1852 dissentit
1376 1789 1411 1852 et

114 1890 201 1977 qum
224 1889 435 1970 sententiam,
459 1905 557 1974 quiam
588 1885 782 1952 Plutarchus
815 1883 966 1950 Caesaris
1004 1884 1106 1952 iuuisse
1145 1887 1255 1972 refert,
1292 1885 1413 1955 Caesar

116 1993 250 2058 ‹rurrnino
274 1993 381 2060 dicere
404 2011 469 2057 nou
503 1988 612 2076 potnit
645 1987 825 2054 secondum
858 1985 1046 2053 Ciceronem
1080 1985 1346 2079 Sallrustiumque,
1378 2011 1414 2058 re

116 2115 193 2164 vera
215 2094 376 2162 Neronem
400 2093 535 2159 dixisse.
765 2091 773 2124 ¹

195 2195 303 2286 vNullis
325 2195 485 2282 reliqunm
509 2200 569 2276 est,
592 2199 629 2260 ut
650 2191 837 2260 accurratius
852 2191 893 2259 de
907 2193 1053 2260 oratione
1067 2191 1218 2262 Caesaris
1233 2203 1266 2263 et
1278 2194 1413 2264 Catonis

115 2302 295 2388 laqueemur.
341 2297 487 2365 Primum
510 2304 621 2364 antem
646 2297 687 2364 de
709 2293 744 2362 C.
767 2293 917 2362 Caesaris
939 2297 1086 2364 oratioue
1109 2299 1144 2364 in
1167 2298 1414 2388 senatulrabita

117 2410 168 2471 est
182 2400 371 2468 dicendum·
398 2400 504 2467 Dibio
529 2400 636 2485 (cirins
651 2399 782 2466 dissert.
798 2417 830 2484 p.
845 2401 899 2465 45.
917 2397 1045 2482 rideas)
1061 2401 1239 2469 concedere
1251 2400 1417 2490 debemus,

118 2504 308 2572 Sallustium
332 2524 350 2571 e
371 2502 538 2570 Ciceronis
562 2503 708 2569 oratione
732 2499 789 2567 Ν.
813 2501 848 2568 in
882 2499 978 2570 Catil.
1017 2501 1175 2572 hausisse.
1233 2502 1296 2572 Sed
1333 2505 1416 2574 milri

119 2607 215 2695 pnlaue
239 2607 376 2674 dubium
398 2611 458 2690 est,
482 2626 561 2671 nuum
584 2602 807 2670 Cicerounns
830 2604 905 2670 tons
928 2603 1076 2672 Sallustii
1099 2607 1209 2675 inerit.
1253 2601 1355 2676 Cuius
1369 2608 1417 2676 rei

119 2711 308 2778 testimonia
341 2716 420 2776 sarrit
441 2710 536 2776 llaec:
570 2706 682 2774 Cicero
704 2706 813 2790 legum
836 2705 1025 2774 Porciamnn
1049 2709 1084 2776 in
1106 2711 1188 2778 orat.
1212 2708 1269 2780 lv.
1291 2711 1327 2779 in
1348 2709 1422 2780 Cot.
1500 2759 1511 2772 .

122 2837 185 2882 nou
219 2815 371 2881 meminit
407 2833 509 2899 neque
545 2814 787 2889 commemorat,
821 2815 900 2897 quot
921 2811 1008 2904 mala
1029 2833 1047 2880 e
1071 2834 1176 2900 „novo
1198 2813 1355 2883 consilio“
1380 2813 1420 2884 D.

90 2947 91 2950 ¹
120 2919 214 2986 duuii
239 2911 342 2984 Silani
368 2915 494 3002 (confer
516 2913 593 2981 Sall.
617 2933 644 2978 e.
668 2914 722 2994 oi,
745 2910 863 2998 Μ.)
886 2913 922 2980 in
944 2934 1013 2981 rem
1036 2915 1203 3002 puldicnm
1237 2917 1420 2986 redundare

122 3022 260 3107 possint.
305 3019 497 3086 Sallustium
520 3036 569 3097 ea,
592 3034 665 3102 quire
688 3014 821 3100 delego
845 3015 1050 3103 Sempronia,
1083 3017 1176 3086 cuins
1199 3041 1318 3088 nomeu
1341 3041 1420 3088 nus·
1455 3028 1463 3038 '

122 3143 220 3210 qlllttlt
243 3121 348 3204 affert,
371 3121 467 3201 dixit,
490 3139 556 3184 non
580 3138 596 3184 e
618 3115 773 3186 Cicerone
795 3118 977 3205 sumpsisse
998 3141 1039 3186 er
1055 3140 1094 3186 eo
1108 3121 1312 3207 concludam,
1333 3125 1421 3214 quod
1502 3194 1508 3204 ,

123 3228 234 3293 Cicero
256 3225 307 3309 (in
330 3223 401 3290 Cat.
419 3220 474 3304 lV,
476 3220 558 3304 l.0)
583 3219 734 3287 Caesaris
750 3220 1004 3308 appellationem
1021 3222 1063 3288 od
1079 3220 1181 3308 legem
1197 3223 1422 3315 Semproniam

126 3328 290 3397 inaurando
325 3325 473 3411 corrupit
504 3323 711 3410 Caesarique,
749 3329 786 3390 ut
810 3323 896 3391 Doni
921 3323 969 3412 (p.
990 3325 1044 3391 45.
1074 3325 1170 3412 diss.)
1205 3335 1291 3396 recte
1327 3329 1424 3434 sidit,

77 3515 80 3520 Ι
126 3430 245 3496 lnlsnm
268 3433 498 3546 argumentum
522 3431 620 3514 atque
640 3425 779 3493 Caesare
802 3425 976 3511 indiguum
998 3429 1182 3522 supposuit

212 3531 310 3599 llaud
334 3531 402 3597 scio
424 3551 467 3598 an
491 3551 557 3597 non
580 3533 655 3598 licta
677 3531 746 3598 sint
768 3529 848 3598 liaeo
871 3529 973 3598 uerba
994 3537 1028 3598 et
1059 3553 1099 3599 ea
1133 3532 1244 3620 uerba,
1277 3553 1351 3623 qnae
1382 3535 1425 3606 ad
1526 3537 1529 3542 ’

127 3634 277 3701 Sullanas
292 3635 548 3722 proscriptiones
561 3633 711 3721 spectant
726 3633 902 3716 (esa-313
919 3632 1017 3701 huius
1033 3637 1218 3721 orationis),
1232 3640 1424 3724 praesertim

128 3759 200 3804 ιιιιιι
224 3758 289 3804 ιιοιι
312 3735 498 3824 discrepent
518 3756 539 3803 a
561 3737 662 3802 totius
692 3736 850 3803 orationis
884 3743 1074 3822 argumento
1107 3759 1211 3826 neque
1246 3741 1425 3830 quidquam

129 3841 325 3922 condiaconi,
347 3839 434 3926 (pund
457 3839 498 3905 ab
521 3839 580 3906 illo
602 3844 690 3906 statu
713 3844 810 3926 atque
832 3838 879 3905 rei
903 3839 1045 3927 publica
1067 3841 1259 3912 condicione
1281 3843 1424 3913 alienum

130 3944 183 4009 sit.
227 3941 374 4009 Putariur
399 3941 500 4026 igitur
523 3943 718 4030 scriptorem
751 3961 846 4008 ueras
884 3942 1017 4028 quidem
1056 3944 1218 4031 quasdam
1255 3946 1426 4016 relationes
1482 3949 1483 3954 ’

131 4046 223 4114 illins
245 4047 404 4134 temporis
426 4045 610 4133 aeqrualium
635 4045 678 4112 ad
700 4042 851 4112 Caesaris
873 4045 1053 4113 orationem
1078 4047 1298 4117 enarrandam
1332 4049 1426 4118 adhi-

132 4147 251 4232 lmisse‚
273 4150 330 4216 scd
354 4149 486 4216 onnruino
507 4148 644 4216 liberius
666 4153 700 4216 et
721 4150 765 4216 ad
787 4147 989 4217 voluntatem
1011 4170 1105 4216 saram
1129 4156 1232 4219 totam
1255 4153 1425 4222 mantiam

133 4257 299 4325 collectam
335 4258 556 4340 coniunxisse,
585 4258 642 4340 ito,
676 4260 714 4321 nt
745 4253 843 4321 modo
878 4274 946 4320 rem
979 4258 1122 4320 mutaret
1153 4274 1193 4322 ac
1226 4254 1423 4325 diminueret

135 4355 288 4446 [confert
306 4363 355 4426 ll.
371 4361 430 4442 ld,
445 4359 501 4427 ubi
512 4361 654 4446 impetus
667 4355 843 4445 populares
858 4357 894 4422 in
910 4361 1057 4424 auctores
1071 4357 1242 4428 sententia
1256 4359 1427 4426 severioris

135 4464 243 4530 minus
268 4463 418 4550 depingit
439 4483 537 4549 quam
560 4461 672 4529 Cicero
695 4461 747 4543 ein
768 4458 840 4528 Cat.
863 4457 921 4542 lv,
943 4457 964 4538 S
986 4461 1017 4526 a.
1041 4464 1074 4526 et
1095 4457 1292 4528 Plutarchus
1308 4461 1344 4528 in
1359 4459 1426 4531 Vit.

135 4562 203 4632 Cot.
227 4587 253 4633 c.
266 4559 359 4652 ml,
381 4563 478 4632 modo
500 4562 676 4630 adornaret
699 4568 796 4649 atque
818 4560 1034 4648 arurplillcnret
1055 4561 1182 4648 (coruler
1203 4562 1363 4642 SCM.
1379 4565 1427 4633 10.

137 4665 302 4753 37-42.);
346 4665 435 4746 Quae
458 4687 532 4733 com
555 4667 604 4733 ita
635 4667 714 4750 sint,
751 4671 862 4732 marren
898 4665 1133 4752 contenderim,
1170 4665 1363 4753 scriptorem
1397 4667 1429 4734 iu
1537 4655 1544 4673 '
