3308 5120
376 813 491 881 lustina
518 823 615 894 tacet,
643 812 696 878 ubi
719 820 833 900 petest.
882 811 916 878 Si
939 821 1044 876 autem
1068 811 1190 877 illorum
1219 833 1322 878 mores
1350 821 1383 878 et
1410 821 1550 878 nutrirem

376 923 471 988 bene
494 922 626 1009 aperuit,
647 919 707 984 hac
729 939 855 1006 quorum
878 941 911 983 re
934 916 1119 984 historicum
1142 917 1323 984 delectavit.
1370 919 1552 999 Asseverat,

377 1050 432 1094 cos
457 1027 584 1110 inuenti
608 1027 742 1107 uirtute,
763 1045 891 1110 yertere,
922 1030 1041 1107 natale,
1072 1024 1255 1110 eloquentia
1276 1046 1380 1111 prope
1402 1026 1552 1111 aequales

377 1135 492 1214 fuisse;
533 1132 763 1218 ritaynitueline
794 1132 908 1196 anieno
936 1153 1050 1216 pares,
1089 1131 1166 1196 item
1195 1130 1317 1217 ylario,
1353 1132 1410 1196 secl
1444 1131 1552 1197 aliurn

280 1275 282 1280 ·
376 1241 474 1306 aliter·
487 1238 603 1324 firmae.
651 1237 686 1304 Si
705 1237 782 1304 haee
798 1260 860 1302 urna
877 1236 1041 1303 amborum
1058 1235 1196 1303 virorum
1214 1235 1387 1326 descriptio
1403 1246 1552 1318 exstaret,

377 1345 458 1412 rurale
490 1344 530 1410 dc
562 1347 608 1410 eis
640 1342 746 1410 edocti
778 1365 928 1409 essemus.
973 1343 1057 1408 Num
1081 1354 1298 1431 praeterquam
1328 1342 1414 1430 quod
1447 1353 1551 1410 aetate

376 1452 501 1518 circiter
518 1473 610 1539 pares
633 1459 724 1516 eraut
746 1489 788 1499 -
812 1449 930 1516 Caesar
952 1450 1054 1517 tribus
1077 1453 1167 1517 aunis
1190 1460 1263 1516 ante
1279 1449 1434 1516 Catonem
1458 1459 1550 1517 natus
1627 1479 1630 1488 ‚

377 1567 443 1626 emt
473 1597 514 1606 -
542 1567 648 1623 cetera
674 1555 756 1622 falsa
782 1565 865 1622 suut
919 1555 1066 1623 Caesaris
1094 1556 1273 1622 amicissimi
1302 1557 1364 1644 ipsi
1391 1580 1454 1623 uon
1483 1558 1553 1623 ausi

377 1674 498 1745 essent,
529 1664 558 1730 ci
590 1666 755 1749 inmotam
787 1664 944 1730 ee'rtulcm
973 1663 1145 1752 adfingere,
1177 1686 1278 1749 neque
1308 1663 1427 1730 Cacsar
1458 1663 1551 1728 lmins

377 1769 480 1837 laudis
517 1768 653 1858 cupidus
687 1770 785 1837 luisse
824 1769 965 1850 videtur,
1005 1793 1067 1858 quta
1106 1770 1187 1837 Cato
1225 1792 1335 1836 ornnes
1374 1771 1552 1858 superabat

382 1878 506 1944 licitere
528 1884 639 1964 eructu
663 1883 694 1942 et
715 1879 900 1964 eloquentia
922 1899 1014 1942 nemo
1039 1876 1099 1943 nisi
1122 1877 1291 1942 Sallustius
1314 1899 1370 1943 cos
1392 1899 1553 1966 comparu-

379 1986 439 2050 vit:
475 1982 593 2050 Cacsar
624 1985 708 2048 cuim
740 1984 950 2050 illustrissima
980 1993 1075 2070 gente
1107 1983 1239 2073 patricia
1270 1993 1373 2065 ortus,
1404 1982 1486 2050 Cato
1512 2007 1552 2050 cx

378 2092 531 2178 sauguine
553 2089 678 2179 plebeio
701 2099 778 2172 emt,
800 2113 901 2176 neque
923 2099 998 2177 post
1021 2089 1153 2156 Catoms
1172 2087 1317 2156 Censorii
1342 2101 1474 2157 mortem
1496 2113 1554 2179 per

378 2207 480 2263 totum
510 2196 578 2264 fere
608 2197 769 2262 sacculum
798 2195 880 2262 tillus
910 2195 1093 2262 Pomiomm
1123 2197 1288 2262 consulatu
1319 2196 1447 2262 iunctus
1477 2207 1553 2264 crat

377 2303 476 2384 Quod
499 2303 540 2370 ad
563 2305 781 2390 eloquentiam
804 2303 926 2384 attinet,
949 2303 1069 2370 Caesar
1083 2325 1102 2368 a
1116 2303 1247 2368 Melone
1263 2302 1389 2370 rhetore
1405 2302 1551 2370 Cicemni

380 2433 438 2498 par
459 2413 643 2477 aestimatus
667 2419 743 2491 crat,
764 2433 827 2496 qua
841 2408 934 2476 laude
950 2408 1115 2490 Catonem,
1138 2410 1240 2475 vinnm
1259 2408 1439 2492 inhabilem,
1460 2433 1554 2477 neruo

379 2517 528 2603 dignatus
551 2525 609 2582 cst.
655 2515 822 2582 Sallustius
845 2516 914 2604 ipse
937 2517 1047 2598 sensit,
1069 2539 1103 2583 se
1127 2517 1229 2582 lirinus
1247 2515 1424 2604 probabilia
1439 2516 1555 2598 dicere,

347 2688 352 2694 ,
380 2621 514 2710 ideoque
538 2623 718 2711 opinionem
741 2644 830 2688 suam
852 2621 1069 2689 demonstrare
1092 2633 1236 2704 conatum
1265 2622 1323 2689 sed
1346 2646 1386 2689 ex
1409 2623 1555 2694 omnibus

381 2731 486 2796 serbis
514 2729 593 2795 nihil
621 2728 779 2811 rideums,
811 2731 870 2795 nisi
901 2729 972 2795 illos
1002 2729 1176 2817 comparari
1204 2753 1266 2795 non
1295 2731 1452 2818 potuisse,
1483 2752 1554 2796 enm

379 2836 460 2902 alter
490 2835 596 2902 indole
628 2845 662 2901 et
693 2835 832 2923 iugenio,
864 2835 943 2902 alter
975 2836 1115 2903 moribus
1147 2845 1180 2901 et
1208 2835 1361 2924 religione
1392 2847 1555 2925 praestans

380 2943 486 3008 fucrit.
531 2941 596 3009 Sed
611 2941 781 3008 admodum
806 2943 880 3008 trita
903 2967 954 3010 res
972 2953 1036 3011 est:
1061 2943 1134 3010 lieet
1149 2942 1282 3010 Catonis
1303 2937 1422 3010 ‘nobile
1438 2937 1558 3024 lctum',

379 3049 471 3116 euius
493 3047 700 3115 admiratione
723 3057 788 3115 tum
817 3060 883 3116 tuta
911 3051 986 3117 urbs
1014 3073 1114 3138 paene
1141 3051 1276 3116 attonita
1303 3061 1386 3131 emt,
1416 3048 1557 3116 Sallustii

379 3178 506 3243 (tircique
529 3155 680 3222 iudicium
703 3155 890 3237 confundent,
913 3179 1015 3244 neque
1038 3166 1142 3222 tanuen
1165 3156 1197 3222 hi
1221 3158 1315 3224 umbo
1333 3179 1416 3223 anno
1435 3158 1557 3248 711243

379 3260 628 3350 coutraponcndi
657 3273 753 3330 crnrrt.
798 3263 833 3330 Si
863 3272 967 3330 autem
998 3264 1059 3329 sibi
1086 3273 1307 3351 preposuerat,
1339 3287 1422 3330 anno
1450 3267 1493 3330 43
1526 3263 1557 3328 in

379 3368 461 3435 libro
491 3368 532 3435 (lc
564 3369 658 3436 rebus
688 3369 761 3435 anni
792 3371 834 3437 63
864 3371 983 3458 scripto
1006 3370 1135 3436 Caesari
1166 3394 1262 3436 rrnrrm
1290 3393 1329 3438 ex
1359 3371 1558 3459 optimatium

380 3474 518 3542 factione
542 3499 717 3564 opponere,
748 3476 799 3542 hie
827 3499 909 3543 unns
938 3487 1007 3543 crat
1028 3476 1153 3542 Tullius
1176 3476 1305 3560 Cicera3
1338 3501 1410 3544 uam
1433 3477 1484 3544 hic
1508 3478 1557 3543 uis

381 3580 506 3648 duobus
534 3583 625 3648 annis
654 3583 721 3649 sine
748 3583 995 3650 contradictione
1023 3584 1171 3674 princeps
1198 3592 1327 3652 senatus
1355 3593 1431 3650 emt.
1477 3583 1559 3651 Cato

381 3687 422 3753 ad
451 3711 522 3754 eum
551 3691 711 3778 potentiae
738 3689 869 3776 gmdum
898 3714 1060 3778 nunquam
1088 3693 1284 3758 accessisset.
1340 3691 1469 3758 Caesari
1498 3692 1559 3778 ipsi

381 3793 460 3860 ltuec
487 3797 681 3883 caterpamtio
709 3798 805 3862 risum
835 3799 1003 3879 movissct;
1037 3797 1206 3864 Sallustius
1235 3809 1341 3864 autem
1371 3821 1434 3864 non
1465 3797 1560 3879 vidit,

381 3900 441 3968 hos
465 3903 565 3983 viros,
587 3912 622 3968 ut
646 3903 690 3969 ita
712 3901 829 3984 (licam,
852 3903 1182 3971 incommensurabiles
1204 3927 1285 3972 csse.

490 4013 543 4074 55.
577 4009 767 4095 'Postquam
796 4017 931 4077 screatus
960 4013 999 4077 in
1026 4011 1160 4077 Colonia
1182 4013 1380 4078 scatentium
1404 4011 1560 4093 discessit,

382 4116 518 4182 eoresnl.
535 4165 542 4182 .
562 4117 765 4199 triennalem,
781 4139 865 4202 ureae
879 4119 1083 4204 srepplieium
1096 4119 1297 4206 postulerbot,
1317 4140 1440 4206 perure
1457 4119 1555 4186 inltet.
1636 4103 1638 4108 ⁵

383 4218 503 4286 Consul
540 4221 636 4308 igitur
667 4221 798 4289 Catonis
831 4224 920 4310 (lilasi
958 4225 1202 4291 instrumentum
1241 4235 1305 4304 est;
1342 4247 1444 4313 neque
1483 4247 1559 4292 vcro

385 4325 535 4394 Sallustio
558 4329 700 4414 igrmtnm
726 4351 796 4395 esse
811 4332 925 4418 potnit,
948 4329 1135 4398 Ciceronem
1150 4331 1212 4397 hoc
1228 4340 1388 4398 incruento
1404 4357 1422 4397 a
1438 4331 1560 4400 Catone

384 4433 455 4522 ipso
475 4427 618 4520 ‘putrem
639 4433 785 4524 putriue'
811 4438 1004 4504 ruorninatum
1026 4461 1106 4520 csse,
1129 4437 1214 4525 alermi
1231 4437 1341 4504 utitem
1357 4443 1558 4508 semarissct.
