3308 5120
898 600 940 665 30

811 692 907 700 —n--.
916 691 1022 700 .---·—-·

333 803 438 860 auteur
461 817 501 860 ne
523 801 646 858 tautum
660 790 787 878 quidem
803 795 954 880 temporis
977 800 1053 873 erat,
1076 803 1112 856 ut
1125 791 1254 857 nuntius
1270 790 1376 856 iubere
1392 799 1501 879 posset

333 901 489 967 Manlium
512 901 653 987 quietum
677 921 711 962 se
734 907 856 979 tenere,
877 896 1036 987 «postmodo
1059 907 1122 963 taur
1146 898 1254 985 paucis
1277 895 1390 962 diebus
1413 896 1501 963 Cati·

333 1008 398 1073 lina
426 1007 605 1072 coniuratos
636 1003 802 1092 expeditos
832 1003 964 1070 reddere
994 1005 1119 1093 potuit?
1164 1003 1260 1070 Certo
1290 1003 1373 1069 enim
1403 1026 1500 1091 parva

334 1113 499 1178 seditionis
527 1111 690 1178 dilatione.
705 1110 842 1176 Catilina
873 1111 1034 1176 consulem
1061 1109 1215 1176 mendacii
1243 1111 1447 1192 convicisset,
1474 1111 1501 1175 si

293 1292 296 1298 ,
334 1219 400 1286 fieri
423 1221 587 1308 potuisset
617 1216 722 1282 Etiam
746 1217 772 1282 si
796 1226 943 1304 putamus
965 1217 1030 1281 lieri
1055 1217 1211 1303 potuisse,
1225 1225 1356 1305 apparet
1375 1218 1501 1282 comitia

334 1349 361 1392 a
377 1324 407 1392 d.
427 1325 500 1391 XII
522 1325 690 1414 praeterita
712 1323 825 1404 inisse;
848 1324 875 1388 si
903 1325 986 1389 euim
1009 1323 1164 1389 noluisset
1185 1323 1350 1388 eonsilium
1373 1331 1503 1402 mutare,

334 1432 414 1524 scire
447 1431 596 1512 debebat,
626 1452 660 1496 se
688 1429 843 1518 repulsam
873 1429 1007 1495 latumm
1036 1451 1121 1510 esse;
1151 1417 1239 1516 atqui
1265 1438 1402 1510 constat,
1430 1452 1501 1496 eum
1607 1493 1611 1502 ,

334 1539 405 1626 ipso
427 1537 625 1604 comitiorum
648 1535 700 1603 die
723 1545 888 1624 procerte
911 1534 1099 1616 credidisse,
1122 1558 1156 1601 se
1179 1535 1339 1602 consulem
1362 1536 1502 1602 futurum

335 1667 420 1712 esse:
444 1667 518 1732 ergo
541 1645 739 1709 comitiorum
762 1643 830 1710 dies
853 1666 915 1708 non
939 1651 1007 1708 erat
1028 1665 1055 1708 a.
1072 1641 1102 1708 d.
1118 1641 1190 1707 XII
1207 1641 1280 1708 Kal.
1295 1642 1503 1709 Nouembres.

335 1751 504 1818 Sallustius
531 1751 627 1838 igitur
658 1752 725 1815 sine
759 1771 853 1814 rausa
880 1752 1076 1836 vituperatus
1109 1758 1171 1830 est,
1203 1749 1289 1835 quod
1321 1749 1501 1814 dilationem

335 1857 464 1924 silentio
490 1856 701 1944 praeterierit;
731 1857 799 1922 sine
828 1854 926 1921 dubio
956 1856 1084 1922 comitia
1115 1854 1213 1920 dilata
1243 1865 1332 1937 sunt,
1361 1879 1398 1921 ea
1428 1878 1504 1922 vero

335 1962 446 2030 dilatio
468 1973 533 2028 tam
556 1986 654 2051 parva
677 1961 803 2029 videtur
825 1963 939 2044 fuisse,
968 1972 1004 2028 ut
1026 1965 1094 2028 sine
1118 1961 1313 2028 dubitatione
1336 1964 1462 2050 penitus
1485 1986 1503 2030 a

336 2071 488 2159 scriptore
518 2070 640 2158 neglegi
675 2080 793 2158 posset
838 2069 905 2136 Iam
940 2069 1208 2149 demonstremus,
1244 2067 1426 2135 Sallustium
1463 2068 1504 2136 de

337 2178 427 2243 initio
445 2177 679 2258 coniurationia,
697 2186 915 2266 praeterquam
935 2174 1021 2265 quod
1044 2199 1112 2242 eant
1134 2176 1229 2264 pleno
1250 2198 1332 2241 auno
1353 2178 1505 2264 anticipa·

337 2284 429 2365 verit,
443 2284 555 2350 melius
571 2286 756 2349 instmeturu
771 2283 880 2364 luisse,
901 2306 994 2370 quarn
1016 2306 1081 2364 eos,
1101 2283 1153 2370 qui
1175 2283 1290 2349 nostris
1311 2282 1506 2370 temporibus

338 2391 370 2456 in
391 2390 523 2456 historia
545 2390 688 2457 Ronrrma
709 2400 835 2478 praeter
856 2401 978 2456 eeteros
1002 2390 1123 2456 dorent
1158 2389 1270 2456 Cicero
1294 2390 1415 2456 scilieet
1436 2389 1506 2478 ipse

337 2497 407 2584 loeo
430 2501 487 2585 (pr.
510 2495 596 2564 Cael.
622 2500 687 2580 10),
709 2519 771 2583 quo
795 2491 897 2563 minus
921 2519 995 2563 suae
1018 2497 1118 2584 ipsius
1140 2496 1275 2584 gloriae,
1297 2519 1390 2584 quam
1413 2495 1506 2564 saluti

338 2603 461 2670 clientis
488 2604 537 2670 sui
565 2602 725 2691 providet,
764 2605 810 2668 sia
841 2602 932 2670 dieit:
969 2596 1072 2669 Taratalla·
1099 2604 1177 2670 boui
1203 2605 1421 2670 adulescentes
1455 2605 1506 2670 illi

338 2711 468 2777 baudai
482 2733 625 2796 rroqrruru
649 2716 679 2776 et
702 2711 849 2797 improbo
863 2712 1080 2786 studuerunt·
1106 2716 1177 2776 tum
1193 2711 1404 2776 existimatur
1424 2711 1503 2777 Cae·

340 2818 406 2882 lius
438 2817 600 2883 Catilinae
633 2817 780 2882 niarium
814 2817 998 2902 farrsilioris
1031 2818 1146 2902 fnisse.
1203 2819 1248 2883 At
1276 2818 1366 2882 euim
1393 2824 1506 2904 posteo

342 2924 485 2990 ridr'mue
508 2945 574 2989 esse
596 2924 633 2989 ira
657 2923 900 2989 alimonias.
939 2923 1022 3002 Quo
1046 2926 1164 3008 tropat?
1196 2924 1295 3010 Atqui
1319 2923 1412 3011 paulo
1435 2934 1508 3012 post

340 3037 408 3119 (pro
424 3029 510 3098 Cael.
529 3035 594 3114 lat:
621 3031 681 3096 Eat
699 3031 787 3096 enirn
804 3053 977 3096 eorruuuuo
991 3053 1066 3096 euru
1087 3031 1202 3096 arcellis
1220 3037 1251 3095 rt
1273 3052 1346 3096 eum
1367 3031 1505 3117 qrrilrrrs·

339 3139 417 3203 dum
441 3139 539 3202 etiam
564 3137 667 3202 boaria.
702 3135 736 3202 Si
753 3145 857 3202 autem
881 3147 946 3204 tam
961 3136 1059 3203 libore
1075 3138 1213 3224 profiteri
1234 3137 1346 3225 potuit,
1362 3137 1507 3203 dientem

340 3267 432 3310 suurn
455 3242 817 3310 Catilinael'auriliarem
840 3243 940 3310 fuisse
963 3253 994 3308 et
1018 3242 1108 3309 ideo
1132 3253 1287 3332 tempore,
1309 3267 1372 3331 quo
1395 3266 1508 3310 eonsu-
1599 3267 1602 3272 ·

339 3349 440 3416 latum
474 3349 616 3438 petebat,
644 3361 730 3416 certe
763 3352 831 3438 ipso
865 3373 1048 3438 persuasum
1082 3349 1234 3431 habebat,
1264 3353 1509 3417 coniurationem

340 3467 407 3522 tum
431 3479 494 3522 non
517 3457 625 3523 fuisse.
670 3456 752 3523 Item
780 3458 808 3521 si
835 3457 998 3544 petitionis
1021 3457 1215 3545 temporibus
1239 3456 1377 3524 nondum
1399 3459 1510 3524 eoniu-

340 3573 474 3646 raverat,
490 3563 581 3629 uobis
597 3562 808 3650 quaerendum
825 3573 883 3642 est,
898 3586 938 3628 au
953 3564 1128 3652 postillam
1143 3587 1237 3630 cerusa
1254 3564 1317 3630 ulla
1326 3563 1508 3631 coniurandi

341 3670 451 3752 suerit3
474 3679 524 3736 est
538 3681 642 3736 autem
665 3671 733 3736 sine
748 3669 846 3737 dubio
861 3693 943 3735 nora
961 3671 1094 3759 repulsa.
1124 3671 1195 3750 Han
1210 3671 1307 3738 altera
1329 3693 1368 3737 ex
1385 3670 1509 3760 repulsa

341 3777 588 3843 coniurationem
620 3786 760 3843 exortam
790 3799 860 3842 esse
887 3777 1147 3844 verisimillimum
1179 3788 1237 3844 est.
1291 3777 1374 3846 Sane
1397 3777 1511 3845 Cicero

342 3906 411 3950 eam
447 3893 537 3950 autea
566 3884 708 3950 floruisse
741 3885 866 3972 saepius
898 3884 1080 3967 affirmavit,
1111 3884 1168 3951 sed
1200 3887 1246 3952 eis
1276 3885 1365 3966 loeis,
1396 3884 1510 3972 quibus

342 3991 587 4057 coniurationem
619 4013 713 4078 quam
746 3992 911 4058 maximnm
950 4001 981 4057 et
1013 3992 1309 4080 perniciosissimam
1342 3990 1511 4080 depingere

343 4094 460 4162 studet.
514 4097 579 4164 Ubi
614 4119 709 4164 musa
739 4096 911 4164 mentiendi
947 4121 1009 4163 non
1045 4107 1126 4180 erat,
1156 4108 1191 4163 ut
1225 4098 1256 4163 in
1286 4100 1426 4164 oratione
1453 4121 1512 4187 pro
1585 4143 1590 4152 -

343 4200 454 4270 Caelio
482 4202 604 4286 habita,
627 4227 784 4292 uunquam
813 4227 881 4271 earn
915 4206 1002 4293 prius
1025 4204 1205 4270 oonsbtisse
1228 4204 1404 4272 arbitratur.
1450 4204 1512 4272 Ca·

343 4309 433 4375 tilina
456 4309 524 4400 ipse
552 4311 583 4376 in
607 4311 720 4390 literis,
747 4333 878 4399 ‹luamuu
902 4311 1080 4400 exemplum
1104 4309 1271 4378 Sallustius
1294 4334 1360 4400 cap
1385 4317 1426 4380 35
1449 4321 1512 4379 tra·

344 4414 436 4500 didit,
453 4417 587 4505 seripsit,
606 4439 640 4484 se
657 4421 850 4484 orianorum
868 4441 1002 4485 erroreum
1018 4419 1192 4508 attempero,
1208 4418 1228 4484 i.
1248 4442 1275 4485 e.
1290 4401 1513 4504 eouiumuisse,
