3300 5128
308 738 388 808 circa
406 764 504 807 muros
522 746 636 821 haeret,
654 747 720 822 ipre
745 764 800 823 per
817 747 976 808 Lucullum
995 763 1014 805 a
1037 705 1283 821 rorgo-'afiorum
1306 741 1425 804 clausus

308 835 374 906 (III
393 837 440 908 17)
460 835 595 908 omnique
613 840 778 894 commeatu
791 835 929 909 privatus
949 839 1005 904 est,
1024 839 1082 907 qua
1099 849 1136 892 ex
1149 850 1182 892 re
1195 839 1255 891 tanr
1268 831 1424 892 vehemens

183 975 187 982 .
307 923 401 998 pestis
413 923 444 982 ln
457 923 590 981 exercitu
603 923 720 981 saevire
734 922 843 996 coepit,
863 928 897 980 ut
909 921 1017 980 aruisse
1031 920 1146 994 ingenti
1158 919 1281 978 militum
1294 935 1424 994 numero,

307 1026 373 1070 cunr
386 1009 487 1068 nauali
500 1025 614 1083 quoque
627 1009 742 1083 proelio
754 1008 900 1068 Lucullus
914 1009 1003 1067 duces
1016 1009 1098 1082 regis
1111 1005 1317 1081 oppressisset,
1335 1008 1424 1067 rebus

307 1096 425 1156 iniectis
444 1096 595 1156 discedere
613 1101 774 1168 cogeretur·
799 1094 867 1167 (ΙΙΙ
887 1096 929 1154 id.
950 1094 1075 1166 18-29).
1112 1093 1187 1153 Post
1204 1092 1387 1155 Mithridatis
1405 1113 1424 1154 a

307 1183 417 1259 Cyzico
436 1182 535 1257 lugam
555 1183 652 1242 classe
670 1183 757 1256 regia
776 1201 795 1241 e
813 1181 950 1256 Lucullo,
975 1183 1025 1256 qni
1048 1182 1078 1241 in
1097 1180 1244 1241 Troadem
1266 1197 1423 1257 perseque-

306 1272 396 1330 batur
415 1268 480 1342 (III
499 1271 543 1330 tu.
560 1270 620 1343 40),
638 1286 731 1344 prope
749 1269 894 1329 Lemnum
913 1270 1040 1330 insulam
1064 1270 1144 1329 rictu
1163 1269 1229 1340 (ΙΙΙ
1246 1269 1293 1344 30)
1317 1286 1370 1329 ιιι
1393 1271 1423 1330 in
1504 1347 1505 1352 ἵ
1597 1225 1604 1239 ³

307 1375 431 1433 regnum
450 1364 606 1432 paternum
624 1358 748 1431 fugatus
776 1363 833 1431 ost,
861 1358 940 1417 iuter
968 1375 1045 1432 quae
1063 1357 1155 1418 Cotta
1180 1357 1333 1430 legatique
1359 1358 1423 1418 ιίιιι

305 1447 414 1507 bellum
432 1445 595 1519 Bithyniae
618 1445 793 1506 hrtulerant
835 1445 1049 1518 Mithridatem,
1071 1451 1228 1520 postquam
1250 1450 1421 1520 prostratus

305 1534 477 1609 ingentibus
487 1533 620 1593 cladibus
631 1534 669 1593 ad
682 1534 915 1594 internecionem
926 1535 1074 1608 pervenit,
1086 1551 1151 1593 cum
1164 1532 1262 1592 acrius
1275 1533 1424 1608 coepisset

306 1623 494 1698 impugnare,
522 1627 557 1680 ut
577 1621 681 1681 illatas
704 1622 762 1681 sibi
786 1639 805 1681 a
827 1621 972 1682 Romanis
994 1621 1119 1682 iniurias
1142 1620 1346 1696 propulsaret,
1373 1637 1424 1680 res

306 1711 424 1783 iniquae
437 1715 610 1782 exegerunt
638 1709 793 1782 Lucullus,
807 1711 857 1783 qni
869 1708 971 1769 hostes
984 1717 1087 1784 petere
1099 1710 1254 1784 pergebat,
1268 1715 1424 1769 auctumno

307 1816 333 1858 a
352 1799 386 1858 73
405 1799 567 1859 exercitum
585 1799 615 1857 in
639 1798 793 1871 regionem
811 1797 968 1857 Ponticam
992 1798 1160 1873 opulentam
1184 1814 1279 1872 neque
1302 1797 1340 1856 ab
1363 1797 1424 1857 nllo
1458 1841 1467 1861 ι

307 1901 434 1960 unquam
452 1885 539 1946 hoste
559 1891 703 1946 atrectmn
723 1885 890 1944 introduxit
909 1885 975 1956 (111
993 1886 1127 1958 41-52),
1146 1887 1223 1945 unde
1235 1884 1425 1946 Mithridates

310 1973 478 2032 obstinatus
495 1970 604 2032 bellurn
618 1989 722 2032 arcere
735 1972 892 2046 defugiens
905 1973 1021 2047 proelia
1032 1973 1127 2046 magis
1140 1975 1293 2048 magisque
1305 1973 1424 2050 penitus

304 2061 335 2133 in
364 2061 509 2120 interiore
537 2061 676 2133 recessit,
705 2057 877 2120 oirncilibus
904 2059 1020 2120 relictis
1047 2060 1177 2141 aditibus
1196 2068 1237 2144 *ct
1263 2067 1425 2122 commeatu

305 2148 449 2208 Romanis
477 2147 604 2225 undique
631 2147 742 2207 clauso.
780 2147 924 2221 Quamvis
951 2148 1052 2223 inopia
1078 2155 1110 2208 et
1136 2150 1213 2211 tarne
1240 2156 1425 2226 premeretur

305 2235 371 2308 (ΙΙΙ
388 2237 447 2308 34).
466 2237 605 2297 celeriter
627 2236 686 2295 dax
705 2235 860 2296 Romanus
878 2235 982 2310 Halyn
1002 2243 1219 2311 transgressus,
1237 2237 1341 2298 Amiso
1364 2237 1424 2312 (IV

305 2324 363 2398 42),
389 2324 585 2401 Theruiscyra
604 2324 670 2394 (ΙΙΙ
686 2324 735 2397 th)
756 2324 825 2383 aliis
849 2324 967 2398 oppidis
990 2321 1196 2397 frequentibus
1219 2326 1324 2386 cinctio
1347 2325 1423 2386 inse-

287 2419 392 2472 ·cutur
411 2419 468 2486 est,
495 2414 591 2486 quoad
610 2412 769 2472 itineribus
788 2412 915 2487 quidem,
940 2429 998 2472 nou
1017 2413 1253 2474 conclusionibus
1270 2414 1423 2473 hibernum

307 2507 422 2574 ternpus
440 2499 527 2558 tinem
546 2501 692 2576 imposuit
729 2499 859 2559 Ineunte
878 2517 904 2559 a
923 2500 959 2559 72
971 2517 1043 2561 rere
1056 2502 1209 2561 confestim
1222 2502 1260 2561 ad
1274 2500 1422 2576 Cahmam

307 2589 469 2648 exercitum
487 2588 626 2662 admovit,
644 2588 696 2648 nbi
714 2588 844 2648 secundo
862 2589 978 2663 proelio
1002 2589 1140 2663 ingentes
1163 2589 1263 2666 copias
1285 2607 1321 2650 err
1346 2590 1423 2649 omni

307 2693 400 2750 regno
420 2693 439 2735 a
456 2675 631 2736 hlitlrridste
651 2677 797 2736 adductas
816 2692 876 2735 non
899 2677 985 2737 ruodo
1006 2675 1187 2752 profligarit,
1209 2695 1310 2738 verum
1333 2679 1423 2738 etiam

308 2763 446 2825 coulneas
465 2765 603 2825 dissoluit
621 2765 681 2835 (lv
699 2764 830 2836 di-t'l).
866 2763 1052 2838 Legionibus
1070 2765 1212 2826 Ronrams
1235 2767 1261 2826 si
1278 2767 1309 2826 in
1328 2767 1423 2826 elicio

306 2853 438 2913 contenti
457 2853 650 2913 severitatem
668 2869 704 2912 ac
723 2852 911 2926 disciplinam
930 2854 1135 2913 servavissent
1158 2861 1191 2914 et
1207 2854 1337 2930 praedae
1361 2855 1423 2915 ari·

303 2939 426 3000 ditatern
454 2941 664 3012 coercuissent,
691 2939 742 3000 vix
770 2939 925 3013 quisquam
953 2941 1101 3000 evasisset
1128 2947 1160 3000 et
1186 2958 1240 3002 rex
1265 2943 1329 3018 ipre
1357 2944 1422 3004 sine

304 3029 391 3088 dubio
423 3035 505 3088 esset
536 3033 650 3103 captur.
695 3027 860 3101 Postquam
895 3029 1005 3103 oppida
1031 3036 1216 3104 oppugnata,
1247 3047 1422 3107 quamquam

169 3117 177 3128 '
304 3117 501 3192 pervicaciter
518 3117 711 3189 resistebant,
730 3133 757 3175 a.
776 3117 813 3176 70
831 3117 862 3176 in
881 3118 1081 3178 Romanorum
1099 3125 1278 3193 potestatem
1297 3121 1422 3180 redacta

304 3201 383 3278 snut,
409 3205 553 3265 Lucullus
581 3205 737 3278 ingressus
767 3222 892 3278 regnum
915 3205 1067 3279 Tigranis,
1095 3205 1303 3266 Armeniorum
1330 3209 1420 3282 regie,

304 3293 354 3366 qui
371 3292 539 3352 Mithridati
562 3309 665 3353 socero
688 3291 762 3352 nihii
786 3293 870 3352 aliud
893 3294 1009 3368 quidem
1027 3293 1085 3352 alsi
1102 3295 1321 3369 receptaculum
1334 3313 1420 3372 prae·

303 3381 419 3454 haeret,
438 3386 537 3440 tamen
558 3379 711 3454 quominus
728 3380 831 3455 Appio
850 3379 978 3441 Claudio
996 3381 1184 3455 imperatoris
1206 3382 1308 3456 legata
1333 3401 1420 3461 expo·

304 3466 430 3527 rtulnnti
448 3468 584 3529 traderet
601 3467 761 3528 recusabat
785 3467 846 3540 (tv
869 3469 927 3540 ld),
950 3469 1083 3529 exercitu
1106 3469 1290 3544 Euphratem
1314 3470 1420 3532 humen

302 3557 430 3616 traiecto
441 3563 527 3616 recta
538 3554 757 3630 Tigranocerta
769 3557 934 3616 Anneniee
946 3565 1038 3631 caput
1053 3560 1206 3619 contendit
1217 3560 1277 3631 (IV
1289 3561 1418 3636 uo-te).

303 3643 398 3718 Quam
417 3642 456 3701 ad
474 3645 577 3702 urbem
595 3660 614 3704 a
629 3644 758 3704 Lucullo
776 3661 802 3703 a
816 3647 853 3706 nu
865 3651 1023 3720 reportata
1035 3645 1169 3721 uictoria,
1186 3646 1420 3711 illustrissimum

302 3731 390 3790 decus
418 3731 498 3790 inter
524 3729 673 3805 gloriosas
694 3749 745 3792 res
766 3733 856 3792 hellis
882 3750 901 3793 a
928 3731 1071 3792 minante
1098 3739 1211 3807 gestas,
1238 3751 1297 3795 nan
1323 3738 1419 3811 magis

302 3819 409 3880 eximie
427 3818 485 3878 luit
507 3836 593 3893 quarn
616 3825 734 3880 tautum
756 3822 894 3896 proiecit,
921 3827 957 3880 ιιι
984 3821 1119 3895 emulum,
1142 3822 1248 3896 quibus
1272 3831 1343 3886 tunc
1368 3825 1419 3886 Ti·

301 3925 411 3982 granes
430 3907 604 3983 imperabat,
623 3909 776 3982 regionum
795 3909 1012 3984 possessionem
1031 3908 1157 3970 Romam
1175 3912 1420 3975 nanciscerentur

301 4003 444 4056 etomuee
456 3995 666 4057 Armeniorum
678 4000 783 4074 copiae
806 3998 924 4058 deletae
943 4003 1046 4056 essent
1064 3997 1124 4070 (IV
1140 3997 1269 4072 be-uo).
1304 4001 1419 4064 Verum
1448 4053 1452 4060 .

300 4083 468 4145 liithridati
485 4101 627 4160 perpesso
645 4105 700 4163 per
717 4088 872 4165 imperium
892 4085 1108 4160 qumqnagurra
1120 4103 1262 4148 annorum
1274 4092 1417 4153 marhuan

300 4172 438 4232 fortunae
468 4173 688 4236 vicissitudines
705 4176 812 4252 generi
831 4191 931 4245 cauea.
951 4174 1138 4234 atrocisshna
1158 4175 1244 4237 clade
1270 4178 1349 4255 apud
1367 4179 1418 4241 Ti·

299 4269 481 4335 granocerta
498 4267 629 4337 accepta,
648 4263 746 4324 adhuc
758 4265 881 4338 integre
893 4279 960 4324 esse
973 4279 1068 4338 neque
1080 4262 1208 4339 perdite,
1226 4266 1256 4326 in
1269 4269 1418 4341 engnetlir

196 4395 199 4402 .
301 4351 417 4410 uersari
434 4350 580 4411 Lucullus
597 4351 766 4427 ridebatur,
785 4353 812 4414 si
829 4353 940 4413 bellurn
959 4351 1115 4425 eleganter
1137 4354 1364 4417 continuaretur
1386 4365 1419 4418 et

300 4439 538 4513 coniungeretur.
575 4435 620 4498 Ut
633 4439 698 4515 ipse
717 4457 849 4500 summae
867 4456 967 4501 rernm
981 4440 1194 4515 praeficeretur·
1206 4449 1239 4504 et
1250 4459 1309 4504 rem
1322 4444 1418 4521 publi·

300 4541 363 4587 cern
382 4533 565 4603 capesseret,
592 4527 712 4602 ingenie
731 4529 859 4605 hupigro
886 4533 977 4604 atque
1005 4529 1067 4590 ucri
1093 4530 1181 4591 facile
1208 4539 1256 4592 est
1282 4532 1416 4610 adeptus

298 4611 401 4677 hieros
419 4616 525 4690 socios,
547 4611 653 4693 qrdbns
672 4634 744 4695 opes
762 4633 908 4695 reparare
930 4625 1042 4694 posset,
1065 4621 1265 4698 nequiuiturns
1286 4621 1416 4686 Parthos
