3308 5120
702 575 936 674 27'

141 801 298 868 Antonius
328 805 435 868 ianam
466 804 578 890 putarit,
609 806 662 890 qni
692 804 723 868 iu
753 801 971 868 illaecaloniam
1000 804 1195 891 puteolanis
1226 814 1304 870 erat.

139 911 192 974 An
222 909 404 999 ‹lesigrmtus
432 908 473 975 nil
501 931 587 976 anua
616 933 749 975 m'oearc
771 910 930 996 cogitavit,
960 917 993 973 ut
1016 909 1143 975 ulterius
1164 909 1304 975 eiirrsulis

139 1017 288 1082 arixilimu
315 1016 466 1082 liaberet?
511 1015 574 1081 Sed
605 1027 671 1083 tum
703 1019 861 1105 impensae
889 1017 1048 1105 petitionis
1078 1016 1226 1104 pinitusac
1253 1015 1305 1081 fu·

140 1123 247 1203 issent,
270 1145 371 1209 napae
394 1125 477 1188 euim
502 1123 681 1190 ulla'eausa
703 1135 761 1202 est,
783 1148 840 1189 cur
857 1124 1012 1212 privatum
1028 1123 1186 1189 Antonius
1201 1123 1305 1188 ruiuua

140 1228 303 1294 adiuturus
330 1228 454 1310 luisset,
484 1252 577 1317 (piram
608 1229 816 1318 designatam.
860 1231 1025 1297 Praeterea
1054 1229 1185 1295 Antonii
1215 1251 1305 1316 prae-
1403 1295 1406 1300 ,
1474 1267 1481 1281 ·
1593 1267 1595 1274 ·

140 1333 254 1400 sidium
284 1335 437 1402 adversus
467 1338 618 1424 irupetum
642 1347 673 1401 ct
697 1336 839 1402 ualerem
863 1337 1023 1403 Ciceronis
1047 1335 1122 1401 nihil
1146 1335 1306 1401 vallasset,

93 1515 97 1524 ¹
141 1441 277 1530 Insuper
317 1443 411 1530 paulo
449 1452 524 1531 least
557 1443 724 1508 Sallustius
760 1445 827 1530 ipse
858 1452 1087 1526 corrrruemorut,
1120 1442 1304 1509 Ciceronem

142 1551 291 1634 eolleynm
314 1572 414 1615 serrem
441 1551 627 1615 Arrtouium
648 1551 801 1636 pru-tione
826 1551 1016 1636 prouinciae
1041 1551 1235 1636 perpulisse,
1265 1570 1306 1613 nc

142 1661 254 1721 contro
271 1658 508 1742 rempublicam
532 1659 668 1722 sentiret
690 1663 768 1744 (cap.
785 1659 836 1738 26,
852 1662 897 1737 t);
920 1679 987 1722 cam
1010 1666 1113 1722 nutem
1130 1657 1306 1744 pactionem

127 1761 257 1838 'Cicero
287 1785 358 1828 erim
386 1763 509 1850 collega
540 1763 673 1844 lecerat,
702 1763 882 1852 priusqumu
912 1765 1124 1850 irrugistmtum
1148 1763 1307 1850 ingressus

142 1877 201 1950 est,
224 1871 242 1934 i.
258 1895 285 1936 e.
301 1870 399 1936 irrrrltc
423 1879 496 1936 autc
520 1893 634 1937 novmu
654 1870 809 1938 Catilinae
831 1871 1023 1959 petitionem.
1068 1869 1179 1957 Itaque
1197 1891 1306 1956 panim

145 1974 216 2040 tidei
246 1975 339 2042 habet
363 1976 504 2043 Sallustii
534 1980 680 2044 narratio.
725 1979 812 2044 Bnur
833 1977 883 2042 lrie
905 1999 1029 2064 quoque
1055 1977 1308 2064 promptissimus

143 2091 356 2170 propugnator
384 2095 443 2166 est,
473 2107 543 2149 eum
573 2093 709 2160 intonent,
738 2084 822 2173 apud
852 2084 1036 2150 (lieemnem
1067 2105 1192 2171 quoqne
1222 2105 1309 2148 men·

144 2190 259 2255 tionem
290 2191 355 2256 lieri
385 2198 454 2278 (pro
478 2190 562 2256 Mur.
585 2195 640 2273 49)
669 2181 921 2278 proruissionmn,
947 2213 1024 2278 quas
1053 2190 1114 2257 hoc
1137 2212 1218 2255 antio
1242 2190 1309 2255 An·

144 2297 248 2362 toruus
272 2297 428 2363 Catilinae
451 2298 575 2377 feeerit;
603 2297 660 2364 sed
685 2299 711 2364 si
736 2309 833 2364 tetum
857 2298 938 2364 illum
962 2299 1134 2364 orationem
1151 2297 1310 2387 ‚premuni-

144 2426 223 2483 mus‚
252 2415 381 2491 appmat
412 2427 465 2470 aens
496 2404 739 2493 pollicitationes
769 2404 809 2471 de
839 2407 988 2494 petitione
1013 2404 1121 2485 fuisse,
1143 2425 1222 2491 quus
1244 2426 1309 2468 rriu-

145 2511 240 2575 ten'ae
264 2509 390 2577 defectu
414 2522 542 2577 coactus
565 2511 606 2577 ad
630 2513 877 2578 annotationem
900 2511 1066 2578 Sallustius
1089 2511 1219 2577 rettulit
1260 2511 1310 2576 Ac

144 2619 283 2682 certain
308 2618 638 2686 striuuraclitticnltatc
668 2629 736 2685 erat
764 2620 908 2708 scriptor,
935 2621 987 2707 apri
1017 2617 1058 2684 de
1088 2617 1310 2698 continuatione,

145 2746 238 2810 spiram
261 2724 380 2790 tamdiu
404 2726 594 2813 reipublicae
618 2718 780 2792 institisse
795 2726 971 2807 attinuerit,
993 2735 1056 2791 tum
1078 2747 1178 2814 patrea
1195 2724 1310 2791 resena

146 2841 268 2918 luisset3
303 2833 408 2919 itaque
442 2855 659 2920 quaecumque
692 2842 874 2921 suppetunt,
906 2855 998 2920 qnam
1032 2833 1174 2920 plurimis
1205 2831 1310 2898 verbis

146 2948 352 3025 exponuntur.
398 2939 540 3005 Maxime
578 2941 607 3006 ci
642 2942 836 3008 conveniunt
870 2939 1010 3021 insidiae,
1046 2963 1123 3027 quaa
1151 2938 1211 3006 sibi
1243 2960 1310 3004 sae·

42 3063 43 3068 ¹
147 3045 274 3132 pissime
297 3069 315 3110 a
331 3045 468 3112 Catilina
493 3057 617 3134 patrnos
641 3069 710 3112 esse
727 3046 841 3114 Cicero
865 3045 1078 3128 dictitaverat;
1100 3045 1158 3112 lms
1178 3047 1310 3112 oratoris

147 3150 287 3231 tabellas,
316 3175 447 3238 (punina
478 3153 629 3241 plurimae
659 3157 727 3219 sine
757 3153 854 3219 (tribio
881 3155 1116 3220 corirmcuticiae
1139 3161 1222 3232 sunt,
1249 3174 1310 3217 non

147 3259 338 3324 exuruiuatas
362 3261 475 3347 recipit
498 3258 675 3342 Sallustius,
702 3271 735 3325 ut
765 3261 859 3347 longo
886 3261 1033 3349 temporis
1060 3261 1164 3348 spatio
1185 3259 1311 3348 paralum

147 3365 256 3430 saltem
285 3367 425 3432 satisfiat.
473 3367 680 3433 Notissiumm
709 3377 766 3448 est,
793 3367 951 3454 quoumde
978 3367 1091 3435 Cicero
1118 3368 1246 3448 civerit,
1272 3389 1311 3431 ne

147 3472 323 3560 respublica
354 3484 564 3556 eveum-etna
601 3475 685 3562 apml
718 3474 901 3540 Sallustium
933 3485 1036 3540 uittam
1067 3473 1144 3539 uilril
1176 3474 1241 3540 sere
1272 3471 1312 3538 da

147 3577 214 3643 cius
244 3583 383 3648 consiliis
410 3580 611 3662 dictumest,
644 3591 860 3669 praeterquam
883 3580 967 3668 ‹puod
990 3582 1083 3648 dolus
1112 3589 1146 3647 et
1174 3580 1312 3663 astutio,

148 3685 262 3772 quibus
285 3689 393 3754 consul
418 3698 596 3769 exornatur,
626 3689 725 3776 magis
749 3689 827 3753 sitin
848 3712 941 3775 «paratur
966 3691 1097 3755 uirtutes
1125 3689 1207 3752 inter
1228 3687 1313 3752 virus

148 3791 297 3860 honestos
320 3795 482 3860 habentur.
529 3795 562 3861 Si
579 3794 692 3862 Cicero
711 3795 788 3860 niliil
804 3795 942 3876 lecisset,
965 3796 1024 3861 uisi
1047 3806 1080 3859 ut
1104 3817 1126 3860 a
1145 3793 1314 3882 principio

149 3902 338 3965 rorrsulntus
371 3900 428 3964 sni
463 3903 567 3966 iserella
599 3904 781 3990 pollicendo
812 3925 873 3989 prr·
903 3901 1059 3968 Poteram.
1093 3902 1243 3988 efficeret,
1277 3905 1314 3965 ut

153 4005 275 4071 s'rerius
306 4007 444 4072 consilio
479 4010 641 4074 (utillime
672 4010 738 4074 sibi
765 4009 924 4094 prodant,
956 4019 991 4074 ut
1021 4008 1197 4098 pactionem
1229 4006 1314 4073 illam

150 4133 222 4177 cum
247 4113 387 4177 Antonio
410 4117 589 4201 perliceret,
614 4127 643 4180 et
668 4115 829 4202 prraesirlio
852 4115 1019 4180 amicorum
1043 4139 1077 4182 se
1100 4112 1316 4194 circumdaret,

151 4216 230 4283 rurale
253 4217 359 4284 oltieio
382 4221 520 4287 cousmis
543 4220 670 4287 tiurctns
693 4231 789 4304 esset,
811 4223 993 4311 praesemina
1016 4244 1086 4288 carru
1111 4222 1208 4287 marita
1230 4241 1316 4288 conr·

151 4323 294 4411 perisset,
316 4333 345 4390 et
370 4327 460 4414 plum
483 4329 704 4416 suspicaretur.
750 4328 917 4396 Sallustius
940 4339 1042 4395 autem
1067 4353 1116 4395 res
1139 4327 1315 4396 accuratius

150 4453 274 4496 nauare
306 4455 367 4498 non
401 4443 518 4524 petest,
551 4458 621 4502 cunr
652 4435 776 4524 singula
804 4436 885 4502 sacto
916 4437 1081 4504 manifesto
1110 4437 1247 4526 ignorem
1278 4458 1315 4506 ea
