3308 5120
804 663 1014 764 ...E-

329 858 495 926 Cuesorem
513 855 642 922 udonus
661 865 754 922 esset
793 854 975 922 Certissima
994 855 1036 922 de
1055 865 1120 922 tota
1139 879 1172 922 re
1188 865 1261 922 sunt
1278 879 1325 938 ea,
1347 879 1429 944 qum
1451 880 1490 923 ex

329 963 491 1032 Ciceronis
520 962 714 1030 orationibus
747 961 918 1044 hauriums3
958 985 1031 1029 uam
1064 965 1122 1030 etsi
1157 963 1273 1029 emtori
1300 972 1333 1030 et
1359 961 1492 1029 dicenda

328 1079 416 1137 erunt
438 1081 472 1137 et
494 1069 633 1150 tacenda,
655 1091 735 1156 quruo
758 1069 908 1134 aecusatis
934 1069 1101 1156 prolatum
1119 1093 1188 1135 esse
1206 1069 1365 1151 censebat,
1388 1079 1491 1135 tamen

328 1176 370 1258 id,
392 1175 477 1264 quod
500 1177 531 1242 iu
555 1174 740 1242 defensione
764 1175 815 1242 illo
837 1185 968 1262 spectat,
991 1197 1117 1262 semper
1138 1186 1200 1242 tmn
1216 1179 1417 1264 perspicuum
1435 1185 1494 1256 est,

329 1294 363 1350 ut
389 1283 480 1349 titeile
507 1281 741 1370 dignoscamus,
771 1291 871 1348 numu
901 1280 1038 1348 rhetoris
1061 1305 1100 1348 an
1124 1282 1286 1349 referentis
1310 1282 1341 1348 in
1365 1281 1493 1348 modum

328 1389 420 1457 (licat.
466 1389 519 1456 Sic
542 1412 582 1455 ex
605 1389 673 1455 eius
695 1412 753 1477 pro
776 1388 861 1455 Sulla
882 1389 1042 1470 oratioue,
1068 1392 1210 1476 ‹utarnvis
1233 1413 1305 1455 eum
1328 1387 1493 1455 absolvere

328 1497 412 1563 omni
435 1496 613 1584 suspicione
636 1495 771 1577 studeat,
802 1505 863 1560 tam
884 1496 1063 1562 luculenter
1084 1508 1222 1584 apparet,
1245 1495 1363 1562 Sullam
1387 1497 1494 1560 eoniu-

328 1604 439 1669 ratioui
464 1603 536 1668 anni
562 1604 603 1668 oo
628 1601 817 1682 interfuisse,
839 1613 869 1666 ut
886 1602 1019 1668 Cassius
1035 1601 1100 1668 Dio
1115 1626 1177 1668 nou
1192 1601 1316 1668 dubitet
1331 1603 1494 1682 nssinmue,

328 1709 446 1776 Sullam
477 1718 508 1775 et
532 1709 721 1774 Autrmtium
745 1708 937 1774 counrlntum
962 1709 1024 1774 sibi
1047 1717 1244 1796 arrogaturos
1268 1709 1376 1776 luisse.
1420 1709 1493 1788 Qua

329 1817 359 1882 iu
390 1839 423 1882 ro
451 1839 513 1881 nou
545 1814 672 1881 ridetur
698 1816 866 1896 erravisse,
896 1839 968 1880 nam
999 1813 1172 1882 incredibili
1200 1825 1284 1882 cette
1307 1815 1494 1882 lentitudine

329 1922 414 1988 Sulla
442 1922 568 2002 luisset,
598 1922 624 1988 si
653 1921 748 1988 alium
776 1921 928 2009 querulum
957 1944 1029 1988 eum
1058 1945 1124 1988 suo
1151 1922 1270 2009 collega
1294 1922 1397 1988 fasces
1420 1923 1495 1988 ani·

330 2031 467 2118 pientem
496 2027 681 2096 adiuvisset.
725 2027 807 2095 Item
836 2027 919 2096 Sulla
942 2051 1016 2095 eum
1040 2029 1196 2095 Atrtronio
1219 2031 1405 2095 coniunctus
1428 2038 1496 2095 erut.

329 2134 402 2200 odio
425 2158 580 2201 novemm
602 2135 775 2216 consulum,
798 2159 866 2201 uam
888 2145 961 2223 post
986 2158 1094 2202 eorum
1117 2135 1348 2202 damnationem
1368 2157 1496 2202 accersa·

330 2251 413 2308 tores
443 2243 503 2331 ipsi
532 2243 627 2309 creati
655 2251 753 2308 eraut.
799 2244 901 2329 Atque
924 2265 996 2308 cum
1022 2244 1195 2309 Autronius
1218 2255 1248 2309 et
1273 2243 1360 2310 Sulla
1382 2265 1495 2308 consu·

329 2349 411 2414 libus
427 2349 491 2414 viar
508 2350 703 2415 rnatriscstam
713 2348 829 2414 inferre
844 2373 901 2416 nou
912 2347 1077 2430 auderent,
1091 2348 1330 2416 audacissimum
1340 2373 1496 2437 quemque

330 2456 504 2539 nttrbibuut,
530 2456 562 2522 iu
586 2455 700 2544 (uultus
724 2456 800 2521 Piso
822 2458 918 2544 magis
941 2466 1104 2544 spectatus
1127 2466 1206 2538 erat,
1233 2479 1326 2543 qnam
1351 2456 1496 2537 Catilina,

329 2563 382 2650 qui
415 2561 509 2629 modo
541 2586 580 2628 ex
611 2563 719 2629 Africa
751 2572 928 2629 reverterat.
974 2563 1059 2629 Item
1095 2563 1163 2630 Dio
1198 2573 1315 2644 uarmt,
1353 2572 1495 2630 scamium

331 2692 365 2736 ro
384 2670 552 2756 patefacto
576 2691 638 2736 uon
662 2668 837 2757 neglexisse
852 2670 1034 2757 perimduru,
1056 2669 1112 2736 scd
1128 2670 1308 2737 eiumnlibus
1324 2669 1496 2757 designatis

331 2775 520 2864 praesidium
548 2787 737 2852 imitatorum
765 2775 902 2858 dedisse,
930 2800 1067 2864 «urinum
1094 2777 1323 2844 interventione
1351 2776 1496 2843 consides

332 2881 488 2949 Kalendis
522 2883 677 2950 Ianuariis
709 2884 826 2950 servati
857 2883 926 2948 siut.
982 2884 1132 2950 Pisonem
1170 2884 1423 2972 arrogantissime
1460 2907 1495 2950 se

330 2990 468 3077 gessisse
491 2989 607 3056 fretum
630 2992 771 3078 potentia
794 3013 908 3072 eorum,
930 2990 1047 3078 quibus
1070 2991 1242 3074 nitebatur;
1263 2991 1323 3057 liae
1346 2990 1387 3057 de
1401 3013 1496 3057 cerusa

331 3105 473 3163 senatum
496 3097 525 3164 ci
548 3097 741 3185 provinciana
764 3095 896 3164 dedisse„

436 3203 527 3270 llaec
551 3204 687 3270 narratio
710 3205 741 3269 in
765 3203 907 3271 omnibus
930 3205 1036 3286 rebus,
1058 3228 1138 3292 quae
1157 3204 1197 3271 ad
1213 3204 1333 3272 Sullam
1353 3205 1497 3286 attinent,

332 3313 363 3377 iu
382 3335 416 3377 re
431 3313 595 3378 continens
611 3319 675 3392 est,
697 3311 750 3398 qni
766 3313 825 3378 etsi
848 3311 1011 3378 absolutus
1034 3321 1102 3378 erat·
1122 3311 1308 3379 defensioue
1325 3310 1497 3392 Ciceronis,

332 3427 434 3484 mitten
458 3441 498 3484 ex
521 3420 662 3484 oratione
685 3419 753 3505 ipsa
777 3426 911 3506 apparet,
933 3441 1008 3484 eum
1030 3419 1226 3485 eouimutum
1249 3418 1358 3485 fuisse.
1395 3417 1497 3485 Sallu-
1545 3469 1547 3474 .

332 3525 411 3590 stius
439 3523 558 3591 Sullam
587 3548 648 3590 uon
676 3523 856 3591 interfuisse
881 3523 1010 3592 eredere
1039 3524 1161 3606 rnaluit,
1191 3525 1264 3614 «luia
1293 3526 1385 3592 aliter
1407 3547 1497 3614 pmc-

332 3630 500 3697 imlieataru
534 3632 618 3698 illam
648 3632 827 3720 opinionem
861 3655 947 3698 suam
986 3642 1095 3699 teucro
1130 3654 1193 3698 nou
1228 3633 1348 3721 potuit3
1393 3635 1497 3720 itaque

332 3737 503 3819 sinrnlauit,
526 3761 560 3804 se
584 3749 703 3826 putore,
726 3737 813 3804 illmn
836 3739 1036 3825 argtrrneutis,
1060 3763 1120 3806 mm
1136 3739 1320 3820 artetur-itate
1336 3739 1498 3806 Ciceronis

332 3843 496 3910 liberatum
520 3866 600 3911 esso
644 3845 758 3933 Neque
781 3869 856 3912 uem
876 3867 912 3912 ca
936 3869 971 3912 re
994 3845 1110 3928 etlceit,
1132 3857 1167 3912 ut
1188 3848 1292 3913 minus
1307 3867 1414 3913 semma
1430 3849 1497 3935 ipse

334 3973 507 4040 repugnare
530 3950 699 4018 videretur.
726 3941 728 3945 ⁸

439 4057 611 4125 Suetonius
641 4082 704 4124 netu
736 4057 856 4124 dubitat
879 4059 1050 4126 Caesarem
1072 4060 1243 4149 principem
1276 4060 1499 4127 coniurationis

335 4165 513 4247 nominum
543 4175 652 4230 eontra
684 4165 867 4255 Pompeium
898 4149 1008 4253 igitur,
1040 4190 1103 4234 uon
1132 4179 1241 4234 contra
1277 4167 1499 4256 reutpublieum

334 4270 513 4337 uitclnmtnr
535 4272 697 4354 mmiumti,
723 4272 808 4362 qiud
831 4273 1067 4362 ‹sarrrprolmtum
1090 4273 1215 4340 ridetur
1237 4273 1376 4340 Sullustii
1401 4275 1500 4362 ipsius

334 4376 455 4444 verbis:
487 4379 554 4444 iuro
587 4386 657 4444 tum
678 4381 826 4466 protentio
849 4380 996 4467 Iluupcii
1017 4381 1228 4468 formidoloso
1255 4387 1334 4448 erut.
1383 4382 1499 4448 Aratu»

334 4485 415 4567 nius,
441 4483 538 4566 Sulla,
565 4485 710 4568 Catilina,
740 4485 815 4551 l‘iso
837 4509 952 4552 ‹rrruucs
976 4510 1040 4554 mm
1064 4469 1500 4577 prim·ipes,se‹l1mrticipes
