3300 5128
748 491 984 603 'm

772 625 986 639 n—-u—t-

312 747 349 811 (ie
368 747 506 812 Sallustii
525 746 719 810 historiarum
741 749 931 824 prooemio¹),
950 762 1073 822 qurooum
1095 743 1184 820 piane
1203 742 1280 804 iaoiu
1299 743 1343 811 sio
1364 740 1439 803 iati-

312 845 401 899 eante
420 858 447 915 p.
468 839 503 898 lii
531 843 649 896 annot:
677 837 833 896 materiam
850 835 1007 911 'praebere
1036 833 1181 894 Sallustio
1208 838 1338 907 poterat,
1365 831 1441 890 satis

313 926 413 986 irruere
431 943 489 1002 pro
512 931 578 984 tota
596 924 692 999 ipsius
711 925 748 984 oie
766 925 893 998 publicis
912 923 1049 997 partibus
1068 921 1216 981 sentiernli
1233 921 1349 980 ratione
1362 920 1442 979 hand

315 1015 405 1073 iaoiio
427 1019 557 1090 poterat.
588 1013 722 1087 Pompeii
741 1013 816 1072 enim
836 1012 923 1070 amici
940 1027 990 1071 res
1002 1026 1075 1085 prae
1088 1011 1197 1070 ueteris
1215 1027 1281 1069 eum
1300 1008 1444 1068 extulisse

192 1125 197 1134 ’
315 1108 545 1162 eorrsentaneam
575 1107 631 1174 est,
660 1117 725 1161 oum
757 1101 803 1159 nti
821 1099 925 1159 Sullae
953 1100 997 1158 ita
1025 1098 1201 1173 pedissequo
1220 1098 1285 1160 eius
1303 1094 1444 1171 Pompeio

316 1207 450 1249 maxume
472 1188 649 1271 Sallustium
668 1189 815 1250 infensum
834 1187 927 1247 fuisse
951 1193 982 1246 et
1001 1203 1037 1245 ex
1056 1193 1122 1246 tota
1141 1187 1222 1246 ritae
1242 1188 1306 1247 eius
1324 1187 1442 1247 ratione

316 1285 465 1352 appareat
485 1283 517 1337 et
535 1278 611 1337 satis
635 1293 784 1352 superous
807 1293 844 1334 ex
866 1275 1060 1334 ilistoriarum
1083 1273 1260 1347 fragmentis
1284 1273 1443 1346 eluceat²).

317 1365 407 1424 auos
426 1365 506 1440 qnod
525 1366 563 1425 ab
583 1382 610 1424 a.
628 1366 665 1425 78
683 1365 828 1436 initium³)
848 1363 906 1423 sibi
921 1363 1071 1422 scribendi
1084 1362 1177 1436 elegit
1189 1361 1354 1422 Sallustius
1368 1361 1445 1420 satis

318 1453 436 1526 quidem
460 1453 558 1528 amplo
577 1455 727 1528 prooemio
746 1452 957 1524 tantammodo,
975 1451 1147 1527 priusquam
1166 1451 1204 1510 ad
1222 1450 1305 1524 ipsas
1324 1467 1382 1522 ,res
1394 1467 1445 1527 po·

317 1541 381 1616 puli
400 1541 527 1601 Romani
546 1541 585 1600 ii.
604 1541 728 1616 Lepido,
748 1539 914 1614 Q,.Cataio
941 1540 1111 1598 oonsulibus
1140 1538 1180 1610 (a
1198 1539 1245 1610 78)
1274 1555 1311 1598 ae
1337 1536 1444 1597 deinde

318 1629 445 1688 miiitiae
475 1635 508 1688 et
531 1629 607 1688 riorai
631 1629 745 1703 gestas¹
775 1627 858 1701 [irgt.
879 1626 907 1699 l]
937 1627 1103 1699 acoetieret,
1131 1625 1275 1702 exposito,
1303 1625 1446 1700 quomodo

318 1715 430 1777 fructum
456 1717 506 1789 sit,
525 1723 559 1775 ut
577 1717 616 1776 ari
630 1735 695 1776 eam
713 1716 898 1791 potissimum
917 1713 1117 1773 roardioionem
1134 1730 1185 1773 res
1202 1714 1322 1789 publica
1340 1713 1448 1774 autaei

292 1832 295 1836 ·
319 1803 462 1880 potuerit,
485 1804 582 1877 qualis
602 1804 654 1863 iiio
675 1821 752 1862 anno
772 1803 937 1862 obtinebat.
975 1799 1062 1874 Quod
1081 1801 1217 1862 sulficere
1237 1801 1447 1877 quodammodo
1568 1817 1569 1820 ¹

320 1893 455 1951 arbitror
478 1892 516 1951 ari
539 1899 655 1952 certum
679 1909 715 1952 aro
738 1891 852 1950 ilrnmm
877 1891 913 1950 tie
932 1889 1072 1950 Sallustii
1096 1907 1185 1965 opere
1205 1890 1364 1950 Posidonio
1388 1907 1447 1949 non

321 1996 438 2039 annexu
458 1980 622 2039 serendum.
642 1979 680 2038 In
699 1995 830 2039 errorem
855 1979 950 2052 igitur
969 1996 1105 2053 magnum
1125 1977 1238 2052 inuidit,
1261 1977 1309 2037 orni
1326 1978 1450 2037 Posido·

321 2067 401 2127 nium
420 2069 532 2128 adiisse
551 2067 672 2128 uidetur
691 2065 863 2127 Sallustius.

393 2171 454 2231 Seri
472 2173 586 2242 redeat
605 2187 694 2246 aquo
707 2172 846 2245 digressa
858 2177 913 2245 est,
933 2172 971 2231 ad
990 2164 1158 2246 eruendam,
1178 2189 1254 2248 quae
1267 2173 1349 2233 inter
1362 2172 1448 2233 Posi·

322 2261 442 2321 dentium
461 2266 493 2319 et
511 2260 683 2334 Pompeium
702 2259 835 2332 Trogum
858 2267 952 2330 extat,
975 2259 1121 2320 rationem
1145 2260 1308 2335 disputatio
1333 2266 1448 2322 nostra.

258 2409 260 2416 ,
322 2347 370 2408 Ex
389 2349 435 2421 ils,
455 2364 532 2420 quae
551 2348 686 2422 equidem
708 2346 853 2407 haetenus
871 2347 1021 2422 proposui,
1039 2346 1111 2407 lieet
1134 2365 1207 2407 sane
1226 2349 1352 2424 opinari,
1371 2349 1451 2424 qnod

323 2452 382 2495 uon
402 2436 564 2496 consedere
577 2436 656 2508 noio,
675 2433 806 2508 Trogum
822 2434 981 2495 Posidonio
995 2441 1117 2496 auctore
1135 2453 1220 2497 usum
1239 2454 1314 2512 esso,
1334 2455 1393 2513 qna
1413 2439 1450 2498 rie

324 2543 358 2586 re
376 2528 478 2587 saulem
497 2526 582 2586 ruodo
601 2525 760 2585 Heereuus
779 2530 812 2584 et
830 2523 1023 2598 Rzesinslri⁸l
1043 2527 1185 2587 indicam
1221 2529 1268 2589 At
1285 2546 1358 2592 vero
1378 2527 1453 2587 iniu-

325 2617 386 2674 ria!
414 2615 480 2674 Iam
494 2613 694 2688 Scireppigins
712 2631 741 2688 p.
760 2613 796 2671 35
814 2612 986 2672 Heereaum
1004 2631 1062 2673 non
1081 2615 1269 2676 mediocriter
1288 2616 1355 2676 iaili
1374 2617 1454 2676 sitir-

325 2703 428 2775 marit,
448 2703 526 2778 qnod
545 2708 706 2762 concentus
726 2701 870 2774 sirrgnlos,
890 2701 999 2776 qnippe
1022 2703 1072 2776 oui
1096 2703 1133 2762 ari
1157 2720 1209 2763 res
1233 2722 1328 2780 neque
1347 2704 1386 2765 aul
1404 2721 1455 2763 ra·
1512 2741 1522 2748 -
1547 2744 1551 2748 -

328 2792 438 2852 tionem
456 2791 639 2866 pertineant,
659 2789 734 2848 niirii
751 2791 881 2864 probare
899 2795 994 2863 patet,
1013 2790 1063 2849 uni
1076 2791 1203 2866 arcein,
1222 2793 1299 2867 quod
1313 2791 1392 2852 aliae
1404 2808 1455 2851 res

327 2880 557 2955 repugnantia
584 2880 691 2953 quibus
710 2877 892 2952 exponendis
911 2877 1048 2938 Iustinus
1067 2879 1117 2942 aei
1135 2895 1155 2940 a
1173 2879 1315 2942 Posidoul
1338 2881 1457 2940 ratione

329 2969 495 3132 (Iomnffir'es
521 2967 597 3027 lust.
616 2965 710 3026 xiiii
729 2963 755 3038 2,
775 2966 818 3025 to.
836 2965 862 3037 3,
881 2966 900 3025 8
918 2982 983 3026 oum
1001 2966 1100 3027 Posiol
1120 2968 1228 3044 fragm.
1247 2971 1282 3030 85
1301 2993 1336 3011 -ε
1355 2968 1457 3030 Strab.

270 3232 275 3242 y
329 3144 502 3206 Armenia.
524 3191 557 3206 ··
703 3191 710 3203 -
926 3143 1069 3242 Ἅμιστα
1087 3147 1174 3222 δ’ἂν
1190 3150 1333 3232 δόξειεν
1350 3149 1461 3224 εἰπεῖν

366 3236 488 3294 condita
500 3241 548 3294 est
560 3242 660 3340 autern
671 3236 709 3294 ab
720 3235 872 3340 numenio,
929 3247 949 3319 ὁ
978 3247 1222 3334 μοσειμώνως
1244 3289 1291 3302 ,,
1321 3249 1366 3322 Τὸ
1389 3251 1435 3348 Ϊὰ
1435 3279 1462 3346 ,11

368 3322 488 3384 Iasonis
507 3323 649 3384 'l'lressair
668 3331 783 3386 cornute.
927 3353 995 3420 τῶν
1018 3346 1207 3443 Ἀρμενίων
1222 3345 1328 3436 ἔθνος
1346 3351 1406 3424 καὶ
1423 3351 1461 3424 τὸ

927 3453 996 3520 τῶν
1039 3449 1166 3543 Σύρων
1198 3447 1259 3523 καί
1302 3451 1464 3550 ’tissimus

930 3547 1063 3647 uoluisse
1084 3549 1282 3647 ὁμοφυλίαν
1300 3551 1464 3649 ἐμφαίνει

929 3650 1019 3722 κατά
1046 3673 1084 3721 τε
1109 3649 1170 3750 τὴν
1196 3651 1381 3726 διάλεκτον
1405 3649 1466 3725 καὶ
1568 3671 1572 3678 ·

928 3745 1013 3834 τοὺς
1017 3747 1125 3848 βίους
1133 3749 1193 3824 καὶ
1210 3747 1294 3836 τοὺς
1308 3757 1376 3826 τῶν
1395 3779 1466 3824 σω-

926 3851 1050 3942 μάτων
1068 3857 1308 3949 χαρακτῆρας
1328 3855 1416 3956 rrll

337 3967 387 4028 uei
406 3986 426 4028 a
442 3963 570 4028 Diodori
589 3963 687 4028 Sionli
706 3965 846 4027 momoria
864 3966 986 4039 recedit,
1013 3965 1097 4024 onias
1116 3972 1276 4038 auctorem,
1294 3983 1359 4026 curru
1378 3984 1467 4027 uuum

339 4055 425 4116 morio
453 4071 508 4131 per
535 4054 673 4129 singulas
702 4055 909 4140 historiarum
923 4061 1028 4130 partes
1051 4053 1134 4128 sequi
1162 4071 1227 4114 euur
1254 4053 1374 4116 solitum
1402 4073 1469 4117 esse

412 4301 559 4429 :urar

379 4515 386 4530 ι
452 4447 486 4504 ot
507 4447 602 4534 iiritrii
619 4449 726 4520 apiani.
743 4450 829 4506 stitia
845 4447 880 4506 roi
898 4447 1004 4509 limem.
1018 4451 1251 4512 Wuesiomanoum
1269 4471 1296 4526 p.
1310 4455 1359 4512 XV
1371 4472 1427 4532 sqq.
1443 4457 1472 4515 lu

343 4513 408 4570 erint
432 4517 499 4574 Sall.
515 4517 578 4574 inst.
600 4518 697 4590 inglu.
715 4517 787 4590 Lips
809 4519 886 4577 1858.

417 4585 439 4662 ⁴)
457 4586 594 4644 liseriarii
612 4587 645 4643 (ie
663 4587 766 4646 iustine
784 4587 866 4661 Trogi
883 4589 1073 4663 opistomrtoro
1090 4591 1197 4654 ursum
1217 4595 1292 4656 test.
1310 4613 1337 4672 p.
1354 4595 1380 4656 8.
