3300 5128
195 759 318 834 sineret,
346 761 385 820 ad
413 777 541 820 stanneos
569 757 758 832 peruenisset
780 757 917 832 honores,
940 755 1190 832 locupletissimus
1214 759 1321 816 auctor
1382 761 1386 768 '

195 849 289 908 iusisse
308 865 404 908 66666
425 845 544 922 potuit?
563 846 767 906 Historiarum
786 862 860 919 opus
873 845 1025 904 Posidonii
1037 843 1073 904 82
1092 861 1233 903 annorum
1253 860 1321 918 spa·
1388 835 1392 846 ’

196 937 269 995 tiam
288 952 394 1010 66666
418 935 457 993 ab
477 951 503 993 a.
524 933 577 994 116
601 950 693 1007 usque
713 933 751 992 ad
770 949 796 992 a.
815 934 851 993 63
873 932 1057 1007 complexam
1081 949 1147 992 esse
1165 930 1320 1006 probabile

196 1024 366 1083 arbitratur
391 1023 551 1081 Heereaus
582 1021 652 1094 (1.1.
676 1021 762 1080 6116
782 1021 886 1080 ioatlb.
905 1019 986 1080 Plut
1005 1038 1033 1094 p.
1053 1020 1131 1093 litu
1160 1019 1323 1079 liuellerus

197 1111 235 1169 ad
255 1110 414 1170 6666666
432 1109 575 1168 historias
594 1109 783 1168 descendisse
802 1107 1126 1166 66616666666116666
1145 1105 1238 1166 161666
1255 1123 1323 1182 par·

197 1206 256 1258 tom
285 1215 364 1258 nova
393 1198 536 1256 librorum
565 1197 643 1256 serie
671 1196 842 1255 distinctam
866 1213 902 1254 ex
925 1194 1031 1268 fragm
1049 1195 1086 1255 46
1104 1201 1136 1254 et
1152 1195 1185 1254 ll
1206 1195 1323 1255 statuit

197 1285 468 1360 166661666666)
497 1285 624 1359 denique
652 1284 690 1343 ad
718 1301 826 1344 66666
853 1285 889 1344 61
917 1284 1061 1344 deductas
1087 1300 1155 1344 esse
1181 1282 1324 1342 historias
1429 1317 1435 1331 ‹

197 1373 352 1433 Posidonii
375 1373 433 1433 sibl
460 1374 620 1449 persuasit
659 1371 775 1446 Quibus
804 1373 938 1432 orunibus
965 1372 1115 1432 Ricardas
1144 1371 1323 1447 8611666166

197 1462 529 1534 adversariusexstitit
552 1461 635 1522 hisce
647 1463 766 1538 uerbis:
786 1479 892 1536 ,ananus
910 1462 1004 1521 6668
1023 1463 1083 1534 (86)
1102 1461 1197 1521 ilario
1218 1459 1323 1519 fatalis

198 1557 282 1610 certo
302 1552 500 1624 grauissimus
518 1551 576 1611 luit
594 1567 649 1609 666
666 1567 724 1610 666
744 1557 834 1626 aptus
854 1552 892 1610 ad
910 1551 997 1609 tinem
1021 1549 1157 1614 idstoriis
1175 1549 1324 1623 imponen-

199 1639 290 1710 dmn‘3
322 1639 435 1698 6611616
463 1637 541 1697 6616
569 1654 671 1697 eornm
699 1655 774 1711 quae
803 1643 935 1697 aetatem
962 1637 1098 1699 tulerunt
1127 1637 1326 1711 fragmentum

199 1727 285 1786 illam
313 1744 422 1788 66666
451 1727 576 1789 excedit
615 1724 712 1799 Quam
731 1726 943 1801 6616166666.
962 1725 1067 1787 27-31
1091 1727 1244 1802 protessus
1260 1722 1328 1804 inse

200 1815 359 1886 stabilivit,
378 1825 412 1876 ut
430 1835 485 1893 pro
504 1835 579 1878 vera
597 1821 679 1876 certe
699 1815 874 1889 accipienda
886 1816 934 1876 sit
962 1816 1038 1876 Eius
1050 1814 1229 1875 testimoniis
1243 1813 1327 1874 niens

117 1907 121 1917 “
200 1905 442 1979 auctoritateque
460 1905 556 1966 iratus
575 1921 630 1980 pro
649 1903 840 1963 fundamento
859 1910 891 1963 et
908 1920 991 1964 meae
1011 1903 1195 1978 quaestionis
1219 1918 1326 1984 ponam

201 2009 297 2066 neque
317 1993 410 2053 oannis
428 1994 500 2069 poni
517 2011 605 2069 posse
624 2009 710 2067 nego.
731 1990 859 2068 *Quodsi
870 2009 942 2052 roro
961 1993 1118 2053 terminum
1135 1991 1329 2050 historiarum

201 2082 240 2140 ad
259 2099 285 2140 a
299 2082 335 2141 86
354 2081 531 2156 perductum
549 2087 632 2142 recte
650 2097 704 2140 nos
723 2080 825 2140 docuit
836 2079 1043 2155 Scheppigius,
1061 2080 1246 2140 adHeereni
1263 2095 1329 2139 sen·

201 2171 327 2230 tentiam
347 2170 481 2244 'drogum
501 2187 537 2229 ex
555 2168 716 2230 Posidonio
740 2187 796 2230 sua
818 2169 955 2229 hausisse
981 2170 1131 2230 cerussatis
1149 2185 1208 2228 666
1226 2185 1329 2245 possu-

201 2275 265 2316 mus
284 2275 343 2317 uon
362 2259 513 2324 accedere.
542 2258 611 2331 quia
634 2257 819 2317 Mithridatis
843 2257 989 2316 celebrem
1013 2256 1052 2317 ad
1075 2257 1238 2316 exercitum
1262 2273 1328 2317 ars·

202 2347 312 2406 tionem
331 2365 367 2406 ex
386 2346 488 2420 'Progo
517 2347 667 2420 integram
694 2346 865 2418 exhibitam,
893 2361 959 2405 cum
987 2345 1026 2404 ad
1054 2359 1148 2404 annos
1173 2345 1209 2404 88
1228 2345 1277 2405 661
1294 2345 1330 2406 st

201 2437 363 2509 pertineat
385 2440 409 2494 6’
421 2435 575 2504 Posidonii
594 2451 684 2509 opere
706 2435 831 2510 petitam
856 2450 1001 2493 essenon
1020 2432 1085 2492 sine
1101 2433 1327 2508 probabilitatis

203 2525 302 2598 specie
321 2523 442 2582 dixeris.
480 2523 526 2583 At
552 2524 627 2584 haec
655 2541 830 2599 quamquam
853 2523 898 2582 ita
917 2539 949 2581 se
972 2522 1094 2596 habeat,
1117 2538 1154 2581 ne
1177 2523 1240 2582 tale
1260 2523 1331 2597 quid

171 2621 174 2626 ·
203 2628 353 2671 suruamus
372 2611 474 2670 inultis
498 2611 672 2685 impedimur
695 2611 803 2682 causis,
827 2609 1007 2685 praesertim
1025 2627 1090 2670 cum
1108 2611 1328 2684 6666116666·-

202 2707 337 2770 ruerent,
364 2716 441 2773 quae
460 2715 552 2773 supra
580 2699 674 2758 statui
702 2699 885 2772 ostendique.
924 2697 1011 2758 ilaec
1038 2699 1118 2758 irater
1146 2715 1178 2758 se
1205 2698 1331 2758 maxime

203 2788 357 2847 contraria
377 2793 411 2846 ut
428 2793 515 2845 iuxta
534 2792 749 2860 componantur
773 2792 805 2845 et
829 2785 1016 2854 conueniant.
1046 2786 1188 2860 quomodo
1211 2787 1330 2847 eiicere

202 2875 337 2951 poteris?
366 2875 454 2948 Quod
466 2873 532 2934 tisri
550 2891 627 2948 nego
647 2875 795 2948 epistulae
809 2871 1015 2934 8611616666
1027 2874 1173 2933 rationem
1191 2875 1330 2948 reddens,

204 2983 261 3039 quo
280 2963 498 3024 lmuiliauitatis
516 2961 643 3034 6166616,
667 2979 754 3035 qaam
773 2969 843 3020 6616
866 2961 1087 3020 necessitudine
1105 2977 1170 3020 oum
1189 2963 1326 3023 oratione

204 3054 404 3124 contineatur,
433 3052 509 3111 satis
532 3051 633 3110 multis
658 3050 800 3124 exemplis
828 3055 984 3124 postquam
1013 3065 1106 3124 supra
1132 3052 1332 3123 cognovimus

206 3141 244 3200 Ia
263 3140 328 3214 tali,
348 3155 433 3213 quem
453 3139 491 3197 ad
510 3138 610 3197 oculos
630 3137 843 3209 1666666661,
861 3137 941 3195 iuter
960 3135 1136 3196 Sallustium
1155 3135 1330 3214 es'rrogua

204 3246 351 3289 consensu
370 3245 429 3288 non
450 3237 512 3288 tam
531 3228 709 3288 locutionum
729 3244 816 3302 quam
835 3230 1053 3288 sententiarum
1065 3245 1160 3288 nexus
1172 3229 1227 3289 hos
1239 3229 1332 3305 scrip·

206 3325 289 3378 tores
308 3316 389 3378 inter
408 3333 474 3376 sese
493 3317 579 3390 quasi
597 3317 776 3390 cognatione
799 3332 866 3376 esse
889 3318 1061 3378 coniunctos
1085 3317 1181 3390 aragia
1206 3317 1334 3378 inclinor

205 3413 240 3465 ut
258 3407 443 3479 contendam,
463 3421 549 3479 quam
562 3411 596 3464 ut
614 3404 813 3475 ePosidonia
831 3422 916 3479 quem
930 3405 1032 3479 'drogo
1051 3405 1089 3464 ad
1107 3422 1225 3466 maama
1238 3405 1332 3467 luerit

206 3496 463 3555 6666611666666
487 3494 550 3554 solo
574 3493 716 3567 opinante
734 3492 916 3568 ignoramus,
940 3494 1105 3554 orationem
1128 3494 1335 3556 adumbratam

207 3601 274 3644 esse
293 3591 325 3643 et
343 3583 465 3643 fluxisse
484 3582 611 3642 credam.
648 3581 713 3642 Iam
731 3597 813 3652 sero,
838 3599 903 3641 cum
930 3583 1043 3642 iteres
1062 3583 1111 3655 sit,
1130 3581 1261 3642 fumasse
1278 3581 1335 3643 tibi

206 3673 337 3732 videaris
356 3688 415 3731 non
435 3672 500 3731 siue
524 3687 618 3731 causa
635 3671 782 3745 suspicari
806 3670 897 3730 etiam
915 3669 1093 3741 6611661166
1116 3687 1200 3730 snam
1223 3671 1334 3748 epistu-

207 3761 265 3820 lam
284 3778 322 3820 ex
341 3759 503 3820 Posidonio
523 3761 722 3836 composuisse
730 3758 763 3832 ⁸),
783 3777 800 3817 6
820 3774 879 3833 qua
902 3759 1008 3819 deinde
1026 3758 1146 3832 Trogus
1169 3760 1336 3820 orationem
1431 3827 1433 3832 ,

207 3848 414 3923 desumpserit
453 3847 514 3908 Sed
538 3865 576 3908 ae
595 3849 660 3923 quis
679 3848 784 3908 hocin
804 3864 935 3921 campmn
956 3847 1073 3921 educat,
1092 3848 1200 3925 qnippe
1219 3865 1284 3909 cum
1303 3849 1335 3909 16

209 3937 350 3997 Sallustii
379 3939 604 3998 incursationibus
631 3937 884 4010 historiarumque
911 3937 1047 4011 reliquiis
1075 3937 1160 3997 66116
1182 3936 1336 3998 Posidonii

165 4015 174 4030 ⁸
207 4027 330 4100 eiusque
350 4027 450 4102 operis
469 4026 524 4086 ilat
541 4026 651 4086 ruentia
671 4033 702 4086 et
714 4025 798 4085 illum
815 4026 894 4084 hunc
913 4025 1097 4086 convertisse
1109 4026 1140 4086 16
1153 4043 1238 4086 asma
1250 4041 1336 4086 suum

206 4131 244 4174 ne
262 4123 401 4190 putemus
419 4113 570 4175 lilnlrerus
588 4121 740 4190 repugnat
757 4115 789 4174 lu
808 4113 1055 4176 commentatione
1072 4115 1334 4190 praestantissime
1413 4173 1418 4184 ,

281 4365 289 4398 ¹
312 4363 634 4446 Paulus'i'ocpehuanuds
644 4365 783 4424 Posidonio
793 4365 896 4423 Ithodio
907 4381 994 4422 rerum
1006 4365 1132 4438 scriptore
1143 4363 1337 4426 8666661867.

207 4436 290 4563 Hm:
304 4431 592 4570 derfflfsd’dfmonio
609 4435 752 4508 66666661
769 4453 865 4503 rerum,
892 4436 1022 4508 pandam,
1049 4440 1182 4494 mmmm
1207 4437 1336 4510 „papam

280 4573 351 4648 ³)ln
370 4589 479 4628 nurnero
507 4579 641 4630 auctorum
668 4575 837 4633 historiarum
864 4573 1035 4632 Posidonium
1061 4577 1156 4635 retulit
1181 4575 1232 4636 Tb.
1249 4576 1336 4650 Vogel

208 4644 229 4701 l.
245 4643 265 4700 l.
284 4661 311 4720 6.
331 4641 363 4696 ii
381 4647 410 4699 ot
428 4639 584 4700 Gerlaohius
599 4642 627 4700 16
645 4643 712 4728 edit.
