3308 5120
287 839 292 850 ,
384 778 543 842 nominum
579 773 681 855 novit,
712 797 792 862 epuns
815 774 997 840 Ciceronem
1020 773 1179 839 adiuvisse
1202 782 1324 838 antistat
1331 797 1341 854 ι
1374 773 1543 840 Sallustius

381 892 500 961 atatem,
529 882 582 968 qui
611 879 764 946 interdum
789 880 839 946 vel
862 883 988 946 minima
1011 881 1172 968 expingat,
1195 879 1377 967 plerumque
1399 881 1543 968 graviora

382 988 544 1076 praeterit,
571 1009 650 1074 quae
678 986 718 1053 ad
745 986 927 1053 Ciceronem
955 987 1097 1052 attinent.
1142 985 1237 1051 Multi
1265 985 1391 1072 (pridem
1419 994 1543 1074 putant,

382 1095 564 1162 Sallustium
595 1117 656 1159 non
689 1093 835 1158 iniustum
866 1093 963 1159 l'uissc
990 1093 1021 1158 in
1049 1093 1202 1160 Cicerone
1229 1091 1445 1173 diiudicando,
1471 1115 1542 1159 eum

381 1202 441 1268 boe
463 1201 533 1266 loeo
556 1221 625 1264 euru
654 1200 814 1286 optimum
842 1201 1004 1265 contaedeat
1034 1199 1254 1279 nominaverit,
1280 1198 1337 1264 sed
1365 1198 1423 1264 bae
1450 1221 1543 1286 paren

382 1307 474 1374 laude
496 1307 551 1372 vix
574 1307 697 1394 species
719 1306 855 1371 iustitiae
878 1316 1001 1372 somata
1024 1317 1081 1372 est.
1134 1305 1215 1370 Nam
1238 1307 1264 1370 si
1288 1304 1544 1393 corrtemplamnr,

382 1415 506 1502 quantis
533 1413 678 1480 laudibus
705 1412 931 1500 pmalieaverit
959 1410 1110 1478 Catonem
1138 1421 1171 1477 et
1198 1409 1380 1492 Caesarem,
1411 1434 1543 1499 quorum
1593 1465 1597 1473 .

382 1522 461 1588 alter
490 1520 582 1601 nihil,
619 1519 699 1586 alter
727 1519 824 1584 multo
852 1518 955 1585 minus
984 1541 1075 1605 qtram
1106 1517 1219 1584 Cicero
1250 1517 1290 1584 ad
1323 1518 1543 1606 rempublicam

383 1627 562 1693 lirmandam
585 1626 760 1706 contulerit,
783 1625 813 1690 in
836 1625 923 1691 brevi
948 1625 999 1690 illa
1016 1647 1093 1691 roee
1111 1623 1226 1690 decora
1240 1626 1430 1714 vituperatio
1448 1625 1544 1691 latere

384 1733 518 1800 videtur.
562 1732 673 1820 Neque
703 1729 766 1798 tam
789 1731 903 1798 stultus
932 1740 998 1798 erat
1021 1730 1203 1812 Sallustius,
1231 1740 1266 1796 ut
1286 1739 1394 1818 aperte
1422 1733 1546 1819 vitupe-

384 1839 480 1907 rando
504 1840 571 1928 ipse
594 1861 629 1905 se
651 1849 807 1926 argueret,
829 1837 952 1926 quade
976 1859 1009 1904 re
1031 1837 1114 1904 infra
1135 1859 1272 1924 ugonius

489 1947 582 2027 Quae
603 1944 644 2012 de
662 1945 788 2011 Lentuli
812 1968 905 2033 opem
928 1945 1044 2033 scripta
1066 1952 1150 2026 sunt,
1172 1967 1234 2010 uon
1257 1945 1362 2010 omnia
1380 1947 1457 2011 satis
1473 1944 1543 2011 lidci

383 2053 508 2121 nabent
552 2052 690 2118 Exstant
710 2051 750 2118 de
773 2051 882 2117 eadem
904 2075 938 2118 re
962 2051 1139 2118 testimonia
1157 2051 1296 2139 Appiani
1319 2061 1352 2117 et
1369 2050 1529 2118 Plutarchi
1536 2076 1545 2132 ;

384 2161 416 2227 in
438 2159 553 2226 Diouis
580 2159 661 2226 libro
690 2158 746 2224 has
775 2181 825 2224 res
855 2158 964 2224 lacnns
993 2159 1109 2224 utaiore
1140 2156 1251 2224 deesse
1284 2157 1453 2224 dolendum
1488 2168 1546 2224 est

384 2266 498 2335 Graeci
523 2275 665 2332 auctores
689 2276 724 2331 ut
745 2264 911 2332 Sallustius
934 2274 1069 2347 narrant,
1091 2287 1206 2329 novum
1230 2264 1394 2330 consilinm
1418 2275 1545 2353 captum

298 2437 300 2440 .
384 2396 467 2454 esse,
494 2373 551 2439 sed
577 2371 660 2462 apud
688 2372 757 2438 illos
784 2372 947 2438 eonsilium
975 2371 1109 2460 capitur,
1136 2381 1301 2458 antequam
1325 2371 1410 2437 Galli
1434 2371 1544 2438 tentati

384 2489 471 2563 suut,
502 2479 637 2546 ethaeo
664 2478 799 2546 narratio
827 2501 900 2545 vera
927 2489 984 2546 est.
1036 2477 1116 2544 Nam
1145 2475 1312 2544 Sallustius
1340 2478 1408 2564 ipse
1436 2488 1546 2544 auctor

384 2598 443 2669 ost,
464 2587 602 2653 sutanum
624 2585 732 2668 baisse,
754 2594 789 2650 ut
811 2609 896 2652 ruma
910 2594 1102 2674 caperentur,
1124 2607 1195 2650 eum
1215 2585 1358 2651 Catilina
1375 2585 1412 2650 in
1427 2607 1546 2670 aynan

386 2695 609 2761 bbesrden'mn
634 2693 871 2760 castrametata
897 2693 1049 2770 acuisset·
1085 2690 1240 2758 Catilinae
1263 2701 1367 2757 antem
1390 2689 1546 2758 adventus
1621 2689 1625 2696 ’

384 2809 470 2868 certo
501 2800 595 2889 paulo
626 2809 698 2888 post
727 2822 753 2864 a
771 2799 802 2865 d
820 2799 927 2867 XVII
959 2798 1033 2864 Kal
1063 2797 1256 2864 Decembres
1290 2797 1454 2886 ponendus
1488 2808 1545 2864 est.

384 2907 450 2988 Qui
477 2930 549 2974 eum
572 2929 599 2972 a.
613 2906 644 2972 d
659 2905 713 2974 Vl
735 2906 784 2971 Id.
806 2905 1003 2973 Novembres
1031 2928 1069 2972 ex
1098 2905 1174 2972 urbe
1201 2905 1344 2985 abiisset,
1371 2904 1545 2993 putandum

384 3025 453 3080 erat
483 3013 647 3094 Sallustio,
676 3012 857 3094 Lentulum,
887 3013 976 3079 euius
1009 3011 1163 3078 lentitudo
1197 3013 1322 3100 saepius
1355 3013 1547 3100 increpatur,

386 3120 475 3188 breti
499 3121 602 3209 spatio
624 3118 731 3186 decem
755 3119 874 3185 dienun
897 3121 1010 3201 omnia,
1031 3141 1111 3206 qnae
1133 3119 1193 3185 boe
1215 3119 1285 3184 loeo
1303 3117 1422 3202 (indes
1446 3123 1498 3199 39,
1514 3121 1545 3200 a)

386 3227 577 3308 nuntiantur,
607 3237 641 3293 et
661 3228 802 3315 coepisse
825 3236 858 3292 et
879 3229 979 3314 egisse
1003 3237 1033 3292 et
1058 3227 1185 3314 iusuper
1207 3224 1318 3293 Gallos
1341 3224 1381 3291 ad
1404 3226 1547 3292 ιοιιὶιιιιι·

386 3336 503 3400 tionem
526 3355 700 3423 propensos
722 3335 869 3399 tenuisse.
913 3332 952 3399 In
975 3332 1087 3398 ceteris
1111 3332 1286 3420 Appianas,
1309 3343 1344 3398 nt
1366 3331 1456 3413 solet,
1478 3331 1546 3399 Sal·

385 3439 513 3508 lustium
537 3449 662 3507 secutus
686 3451 743 3521 est,
765 3440 951 3506 Plutarchus
973 3451 1077 3506 autem
1099 3439 1248 3506 nonnulla
1270 3439 1381 3522 refert,
1403 3462 1484 3528 quae
1506 3462 1546 3506 ne

386 3570 425 3614 ex
453 3546 615 3614 Ciceronis
641 3546 767 3634 quidem
794 3545 986 3613 orationibus
1013 3555 1152 3612 extr-rem
1180 3554 1262 3612 sunt
1307 3546 1424 3612 Narrat
1449 3547 1546 3628 euiru,

385 3651 512 3720 eaedem
536 3652 633 3734 illam,
660 3654 748 3720 euius
771 3653 937 3720 Sallustius
959 3675 1083 3740 quemne
1105 3655 1294 3720 mentionem
1319 3653 1407 3735 facit,
1433 3663 1546 3719 carnoto

386 3761 507 3826 senatui
537 3771 568 3826 et
596 3782 688 3848 qttam
716 3759 856 3850 plurimis
884 3758 1033 3827 nobilium
1060 3770 1199 3848 paratam
1225 3759 1337 3840 luisse,
1364 3761 1545 3828 nominatim

386 3877 537 3954 exceptos
560 3867 644 3934 solos
660 3867 801 3956 Pompeii
824 3867 939 3934 liberos
961 3866 1068 3933 fuisse.
1112 3864 1323 3933 Sutnmalium
1346 3865 1429 3934 diem
1446 3867 1547 3934 invito

386 3973 543 4060 Cethego,
569 3975 621 4062 qui
646 3997 709 4040 rem
733 3973 851 4040 tarrrdin
873 3972 1020 4041 diducere
1043 3973 1185 4054 noluerit,
1209 3997 1338 4060 margine
1361 3973 1433 4040 lmie
1456 3973 1545 4040 osredi

387 4079 577 4146 ‹lestinatum
600 4080 736 4164 trusere)
781 4081 891 4147 Cicero
913 4103 1037 4168 quoque
1059 4082 1102 4164 (in
1126 4079 1196 4146 Cat.
1212 4079 1275 4146 111.
1294 4083 1345 4166 le)
1368 4103 1439 4146 enm
1462 4079 1546 4147 diem

493 4331 517 4390 ‘l
535 4329 642 4401 Lange,
661 4329 807 4386 narramur
825 4329 992 4386 Alteutltner
1012 4327 1071 4394 lll,
1093 4329 1145 4384 eta
1163 4328 1257 4396 docet,
1280 4347 1343 4386 enm
1366 4331 1439 4387 diem
1463 4333 1547 4386 luisse

386 4435 410 4474 ι.
429 4417 456 4475 d.
475 4417 546 4474 xv!
567 4418 629 4474 lt'al.
648 4417 803 4476 danum-isa
