3308 5120
897 621 918 682 8

326 838 365 882 ex
388 813 542 902 equitibus
565 814 602 878 L
625 811 796 892 Statilium,
819 812 855 878 P.
874 811 1054 891 Gabinium,
1076 809 1112 876 C.
1129 811 1307 876 Conrelium
1323 811 1487 878 Ciceronis

326 919 516 986 orationibus
538 919 683 1006 cognitos
705 918 872 998 babemus,
893 917 940 983 M.
963 916 1095 983 Fulvius
1118 915 1262 982 Nobilior
1282 927 1386 984 etitem
1410 941 1488 1005 qno·

326 1025 420 1094 niodo
441 1026 502 1092 boc
521 1026 591 1092 loeo
615 1026 769 1091 nominari
793 1025 940 1112 potnerit,
963 1023 1116 1090 oecultum
1140 1033 1196 1090 est.
1239 1023 1319 1090 Tam
1342 1024 1425 1090 clara
1447 1023 1487 1091 dc

325 1141 419 1220 gente
450 1134 477 1199 si
507 1133 576 1219 qnis
609 1131 650 1197 ad
683 1129 853 1197 Catilinam
885 1153 919 1196 se
949 1130 1182 1218 applicavissct,
1211 1153 1334 1212 omnes,
1365 1131 1418 1219 qui
1446 1130 1487 1198 ‹le

327 1238 538 1305 eonirmrtioue
552 1237 758 1325 scripserunt,
780 1239 848 1302 cius
864 1236 1053 1303 mentionem
1072 1236 1228 1303 iecissent.
1258 1238 1370 1303 Placet
1384 1237 1489 1324 igitur,

328 1343 412 1432 quod
442 1343 576 1410 Wirzius
606 1351 690 1431 (pag.
721 1347 775 1427 53)
801 1343 949 1423 coniecit,
975 1341 1057 1407 bunc
1079 1343 1224 1408 lbrluinnr
1252 1366 1322 1410 esse
1345 1343 1490 1426 crruclem,

328 1474 421 1538 quem
443 1472 509 1538 copi.
528 1454 578 1532 39,
595 1454 614 1516 5
640 1449 829 1530 invenimus,
844 1449 1030 1516 vocabulum
1046 1458 1151 1514 niuem
1165 1449 1313 1516 Nobilior
1327 1451 1488 1536 inlarginali

328 1565 403 1623 note
424 1556 541 1622 leubilis
562 1556 700 1642 legentis
722 1555 853 1622 alicuius
877 1557 1047 1644 irrepsisse.
1064 1595 1103 1605 ——
1125 1555 1196 1622 Hos
1217 1556 1305 1622 cives
1328 1557 1488 1623 Ιίοιιιιιυοι

328 1663 455 1730 alluisse
477 1661 643 1730 Sallustius
677 1661 774 1728 refert
781 1687 790 1743 ;
813 1653 854 1727 ¹at
881 1662 1031 1750 plmimos
1062 1660 1174 1727 boram
1205 1686 1266 1728 non
1297 1665 1328 1728 in
1359 1685 1488 1728 numero

328 1792 434 1836 conum
450 1768 556 1851 luisse,
577 1792 660 1857 «piros
676 1778 779 1848 antea,
802 1767 940 1836 Catilina
964 1769 1076 1835 ›irrellis
1100 1770 1203 1836 nicoclis
1227 1773 1313 1836 nitela
1336 1771 1489 1856 faciliora

328 1877 501 1958 edocuerat,
522 1875 722 1942 manifestam
746 1884 804 1941 est.
840 1875 906 1941 Tot
927 1885 1030 1942 niuem
1054 1877 1147 1956 viros,
1168 1898 1298 1962 quorum
1321 1899 1394 1965 pars
1417 1875 1491 1944 Ser·

326 1983 412 2070 gium
435 1983 615 2049 auctoritate
637 1982 734 2070 longe
756 1982 933 2070 superabat,
956 1985 1037 2048 inter
1051 1980 1247 2048 ambicmlum
1264 1991 1411 2070 tanquam
1435 2007 1492 2071 per

328 2089 437 2155 ludum
464 2088 567 2156 abeo
594 2088 819 2177 persuadendo
841 2099 950 2177 captos
980 2081 1063 2171 esse,
1094 2111 1151 2176 per
1180 2110 1214 2154 se
1245 2091 1349 2178 ipsum
1380 2113 1489 2177 piarum

330 2194 401 2263 ticlei
423 2195 525 2262 babet
568 2195 668 2276 Quod
691 2206 795 2262 aretem
820 2197 938 2284 pergit,
966 2194 1079 2262 multos
1102 2217 1140 2262 en
1161 2197 1296 2262 coloniis
1318 2202 1349 2262 et
1371 2198 1487 2262 arcemi-

329 2303 426 2389 m'piis
448 2303 536 2368 donli
552 2295 682 2369 nobiles
711 2325 749 2368 eu
780 2303 811 2367 in
835 2302 981 2368 contione
1003 2301 1144 2384 all'uissc,
1166 2303 1232 2369 siue
1255 2301 1352 2368 diablo
1375 2302 1490 2369 laistim

329 2418 386 2475 cst.
419 2408 494 2489 Quo
515 2418 607 2496 pacto
630 2409 663 2475 bi
687 2409 831 2474 homiues
851 2407 1006 2475 Kalendis
1021 2409 1132 2491 Iuniis,
1153 2407 1233 2476 diros
1247 2433 1346 2498 paene
1366 2432 1490 2475 menses
1564 2480 1567 2486 ,

329 2524 401 2582 autc
423 2517 547 2582 corruit-ia
568 2516 761 2596 contemmis,
788 2515 921 2584 Rolnam
945 2516 1132 2582 veniebant?
1176 2518 1226 2581 An
1250 2519 1359 2604 paneis
1382 2515 1491 2582 turbu·

329 2621 483 2709 lentisque
493 2621 794 2689 narrabitioniscliebus
811 2645 966 2689 venenum
981 2622 1202 2689 coninmtiuuis
1218 2645 1316 2710 usquc
1332 2623 1364 2688 in
1382 2623 1490 2689 ultima

329 2725 440 2794 ltaliae
462 2729 631 2817 rrrrrnicipin
653 2729 823 2818 prorepsit,
845 2752 913 2794 curn
933 2729 1051 2796 Romae
1075 2730 1105 2795 iu
1129 2729 1205 2796 urbe
1226 2729 1366 2796 nondum
1390 2739 1492 2796 tmus-

330 2842 401 2901 ncte
428 2857 479 2901 res
501 2839 602 2901 esset?
649 2835 765 2902 Nonne
790 2858 892 2902 morus
919 2847 952 2902 et
974 2837 1097 2924 ingenia
1120 2859 1280 2925 prniecrnm
1304 2837 1491 2903 rusticorum

330 2939 474 3007 onrnibus
503 2941 700 3030 temporibus
735 2965 754 3010 a
784 2941 923 3009 uiolenta
954 2946 1116 3010 eversione
1148 2942 1349 3009 veliementer
1379 2942 1492 3009 abbor-

330 3049 479 3113 menmt‘l
521 3047 634 3136 ltaque
657 3071 739 3136 «puae
762 3048 930 3115 Sallustius
953 3059 1070 3130 narrat,
1092 3059 1129 3116 nt
1150 3072 1200 3116 ncs
1221 3073 1239 3116 a
1263 3049 1371 3138 primis
1394 3050 1491 3115 initiis

331 3153 362 3244 in
391 3153 527 3243 anaplum
553 3163 687 3220 extensa
713 3153 872 3238 videatur,
901 3179 963 3222 nun
994 3159 1069 3223 satis
1096 3155 1254 3223 credibilia
1284 3164 1366 3222 sunt
1418 3155 1491 3221 Non

330 3260 420 3347 penei
443 3258 566 3347 quidem
583 3261 726 3328 Sallustii
748 3261 886 3328 tabulam
906 3261 1073 3329 defendere
1089 3265 1190 3328 eonati
1211 3272 1293 3343 stant,
1316 3260 1491 3328 sodoleum

331 3376 364 3432 ct
386 3389 511 3454 opernm
532 3366 748 3455 perdiderunt.
776 3367 899 3436 Vcnun
922 3369 982 3436 boc
1005 3391 1099 3434 uurun
1122 3379 1180 3450 cst,
1201 3369 1393 3448 Sallustium,
1414 3391 1494 3456 qno·

331 3471 414 3538 niam
429 3469 469 3538 od
485 3472 714 3540 enumerandos
729 3476 909 3541 eoniumtos
924 3474 1045 3557 adierit,
1059 3475 1185 3564 plenum
1201 3497 1362 3542 uulnerum
1375 3497 1493 3553 corum,

331 3600 410 3666 qnos
439 3578 616 3647 interfuisse
646 3591 857 3668 compererat,
888 3581 1092 3648 collocavisse
1119 3592 1152 3648 et
1176 3583 1357 3648 concionem
1388 3581 1493 3668 ipnrun

331 3684 503 3766 invenisse,
530 3708 591 3773 quo
621 3687 782 3753 ellicacins
810 3711 875 3754 rem
905 3688 1080 3755 instrueret
1124 3689 1210 3774 Baur
1230 3699 1352 3770 monet,
1379 3686 1493 3752 maritos

332 3799 417 3856 certo
444 3793 608 3858 conciones
638 3793 701 3859 illis
725 3794 919 3881 temporibus
942 3794 983 3861 dc
1005 3795 1185 3862 consulibus
1207 3793 1350 3861 emundis
1368 3791 1493 3858 babitus

332 3919 416 3978 esse3
438 3897 654 3980 concedamus,
678 3898 736 3966 secl
759 3900 837 3966 bace
856 3900 996 3968 Sallustii
1019 3885 1129 3968 concio
1151 3925 1220 3968 cum
1245 3901 1306 3967 illis
1320 3899 1493 3988 corrrparari

332 4025 393 4068 non
417 4013 592 4090 potest-
616 4005 726 4092 Magis
755 4029 850 4095 quiam
876 4007 953 4074 baeu
982 4009 1085 4074 orrrnia
1114 4009 1248 4074 onirnum
1272 4007 1433 4073 nttmlmnt
1447 4029 1494 4087 eo,

333 4113 413 4196 qrure
427 4107 591 4176 Sallustius
615 4111 715 4178 micat
737 4111 777 4180 de
801 4114 964 4181 nobilitate
987 4124 1020 4181 et
1039 4116 1189 4204 imprimis
1211 4114 1250 4180 dc
1265 4113 1493 4202 potentissimis

333 4213 363 4280 in
388 4215 544 4304 republica
566 4219 653 4300 viris,
676 4219 730 4308 qui
753 4221 906 4308 „inceptis
929 4221 1083 4288 Catilinae
1105 4221 1240 4288 iuvisse‘
1262 4219 1424 4302 dicuntum
1447 4221 1493 4287 sic
1588 4217 1592 4226 ⁴

333 4321 415 4387 enim
435 4321 547 4411 Hagen
567 4325 664 4392 uerba
686 4329 805 4392 ennam
823 4327 958 4394 inclinar
970 4331 1149 4418 purlicipcu
1163 4328 1242 4396 bene
1258 4329 1491 4416 interpretatur,

333 4450 402 4494 cnm
424 4451 480 4494 eos
495 4441 676 4518 praesentes
697 4433 826 4498 allisissc
845 4432 928 4500 lrurrcl
944 4435 1105 4523 prnrbobile
1125 4437 1175 4503 sit.
1204 4435 1370 4526 Nunquam
1386 4423 1490 4521 magni
