3308 5120
319 829 474 897 illecebris
513 829 684 896 irretivisse
722 827 886 896 delicatam
922 829 1129 910 iuventutem,
1162 837 1198 893 nt
1231 828 1398 894 factionem
1427 829 1487 894 sibi

320 943 452 1024 pararet
497 935 618 1003 Eadem
641 936 708 1002 iere
731 935 845 1002 Cicero
866 935 996 1001 tradidit
1019 945 1053 1002 et
1070 936 1101 1000 in
1121 935 1354 1000 enumeratione
1372 957 1489 1016 eorum,

318 1043 373 1129 qui
404 1041 570 1109 Catilinam
598 1041 823 1129 sequebantur,
855 1041 896 1107 ad
930 1042 1059 1134 verbnm
1092 1063 1190 1130 pmcne
1221 1041 1388 1108 Sallustius
1417 1064 1488 1107 oum

318 1149 425 1215 Tullio
447 1148 612 1216 consentit
658 1147 722 1215 Sed
750 1148 792 1229 id,
821 1147 905 1235 quod
930 1147 1044 1214 Cicero
1072 1171 1154 1214 anuo
1177 1148 1373 1235 sexagesimo
1395 1150 1489 1214 tertio

319 1277 347 1322 a.
374 1253 433 1323 Cb.
461 1280 492 1322 n.
524 1255 642 1322 factum
674 1277 744 1321 esse
776 1277 833 1342 pro
863 1263 951 1320 certo
983 1255 1121 1320 allinunt
1153 1254 1234 1340 (Cat.
1257 1254 1303 1320 II.
1328 1257 1357 1336 i,
1378 1257 1440 1338 10),
1471 1277 1489 1319 a

319 1361 470 1429 Sallustio
499 1361 659 1450 aliquanto
691 1361 777 1448 prius
810 1362 951 1450 ponitur;
984 1361 1045 1426 utri
1078 1364 1184 1449 potius
1216 1360 1407 1428 credendum
1439 1361 1490 1441 sit,

320 1467 403 1534 infra
434 1468 717 1535 demonstrabimus
724 1492 734 1550 ;
766 1491 828 1535 non
861 1469 952 1556 pauci
985 1477 1068 1550 suut,
1099 1468 1152 1555 qui
1176 1491 1216 1535 cx
1239 1467 1300 1535 hoc
1323 1469 1392 1536 loco
1414 1489 1491 1533 oon-

320 1573 490 1657 cluserunt,
512 1574 695 1643 Sallustium
719 1575 749 1640 iu
774 1574 941 1640 scribendo
957 1574 1121 1641 Ciceronis
1144 1576 1302 1641 orationes
1318 1597 1443 1664 semper
1458 1575 1489 1640 in

321 1681 465 1748 inanibus
497 1680 655 1762 habuisse,
686 1683 869 1770 praesertim
903 1705 976 1747 curu
1008 1681 1157 1747 mediocri
1189 1682 1355 1748 intervallo
1377 1683 1490 1747 iterum

321 1787 408 1853 Tulli
431 1788 532 1876 ipsius
556 1788 652 1855 verba
675 1787 881 1854 inveniantur.
928 1789 1044 1854 Narrat
1063 1789 1145 1854 enim
1157 1787 1326 1854 Sallustius
1349 1811 1415 1876 cap.
1441 1792 1491 1869 15,

321 1892 493 1961 Catilinam
512 1901 625 1962 necato
647 1895 722 1980 silio
745 1917 885 1961 cocitum
907 1897 1042 1960 doricum
1065 1895 1206 1960 scelestis
1221 1896 1352 1982 narptiis
1367 1895 1490 1980 secisse,

320 2000 406 2088 quod
443 2001 527 2068 idem
558 2001 644 2089 apud
675 2002 762 2067 illum
795 1999 876 2086 (Cat
908 2000 936 2066 Ι.
971 2004 1023 2086 10)
1055 2003 1205 2090 scriptum
1244 2011 1302 2067 est.
1353 2001 1491 2068 Wirzius

321 2112 404 2196 (pag.
429 2112 482 2193 33)
512 2118 545 2174 et
573 2108 680 2194 Duebi
711 2111 743 2174 in
775 2107 996 2175 dissertatione
1030 2108 1099 2190 ,De
1132 2107 1287 2174 Catilinae
1310 2106 1490 2182 Sallustiani

320 2213 464 2281 fontibus
494 2238 531 2281 ae
558 2215 644 2282 fider
673 2215 749 2282 haee
775 2238 814 2282 cx
838 2215 1002 2281 Ciceronis
1031 2216 1171 2282 oratione
1195 2217 1399 2303 transscripta
1421 2236 1492 2282 esse

320 2331 459 2388 censent.
504 2321 570 2389 Sed
599 2323 626 2388 si
656 2309 763 2388 verum
789 2321 946 2403 uiderunt,
974 2323 1068 2388 ctiam
1092 2323 1195 2414 magis
1218 2321 1385 2389 Sallustius
1409 2323 1492 2388 vitu·

321 2426 479 2516 parandus
502 2439 560 2510 est,
583 2429 636 2516 qui
660 2427 718 2494 has
740 2451 864 2516 quoque
889 2430 1025 2516 rurptias,
1047 2452 1125 2516 quas
1148 2452 1231 2495 antro
1250 2431 1319 2518 teo,
1332 2431 1374 2494 st
1390 2429 1492 2495 lactas
1604 2429 1606 2432 ’

322 2557 393 2602 csse
415 2543 550 2618 constat,
577 2537 667 2601 annis
690 2536 847 2602 nonnullis
878 2537 1106 2624 anticipaverit
1150 2535 1324 2622 Diligentia
1354 2546 1387 2602 et
1408 2535 1492 2602 fides

322 2641 461 2708 Sallustii
494 2642 594 2708 amiur
627 2651 711 2708 certe
746 2642 885 2723 videtur,
921 2645 949 2710 si
983 2642 1183 2725 arbitramur,
1222 2665 1293 2708 eum
1328 2642 1492 2709 Ciceronis

322 2748 516 2816 orationibus
539 2758 633 2828 antea
655 2771 716 2816 non
740 2749 887 2838 perlectis
910 2749 1076 2838 scripsisse
1099 2759 1192 2840 atalae
1215 2771 1323 2816 necem
1354 2749 1414 2814 lilii
1441 2748 1493 2814 hie

321 2856 466 2941 posuisse
495 2853 657 2921 inductum
687 2859 742 2938 eis,
771 2879 852 2944 quae
879 2854 920 2922 de
950 2857 1142 2922 conscientia
1169 2863 1308 2922 tricaricen
1333 2857 1493 2922 oscitante

322 2959 382 3026 hue
416 2961 487 3048 ipso
519 2962 589 3028 loeo
622 2963 840 3051 expilieaverit3
878 2963 976 3031 verba
1010 2971 1114 3029 autem
1146 2972 1211 3028 tarn
1245 2963 1445 3050 singulariter
1475 2984 1494 3028 a

322 3066 477 3134 Cicerone
493 3060 496 3068 ’
511 3067 598 3135 dieta
631 3070 765 3136 denium
799 3073 930 3158 receptiis
957 3051 1163 3155 c·ccucsucerc
1187 3070 1283 3135 etiam
1313 3069 1381 3135 sine
1412 3091 1493 3135 nova

322 3173 499 3240 orationum
511 3175 698 3262 pellectione
708 3177 739 3242 iu
751 3185 855 3243 moute
865 3176 1006 3244 Sallustii
1016 3177 1155 3242 haesisse
1164 3175 1249 3242 haud
1260 3178 1303 3242 ita
1313 3179 1425 3242 nium
1435 3185 1492 3242 est.

433 3283 482 3348 tt.
528 3280 678 3370 Sequitur
706 3282 876 3373 descriptio
906 3283 1062 3350 Catilinae
1092 3306 1212 3349 summa
1241 3293 1309 3349 arte
1340 3282 1494 3364 conlecta,

323 3409 404 3475 «purae
435 3388 581 3475 quamvis
613 3389 782 3456 admodum
816 3389 973 3457 rhetorice
1004 3390 1122 3478 scripta
1153 3391 1204 3472 sit,
1235 3399 1339 3456 tamen
1372 3399 1493 3455 tautum

324 3495 469 3562 veritatis
501 3495 533 3561 in
567 3517 602 3563 se
634 3495 738 3576 habet,
770 3506 806 3564 ut
836 3497 1003 3564 Drurnann
1035 3506 1068 3562 et
1099 3497 1287 3578 Mommsen,
1318 3495 1493 3563 doctissimi

322 3601 466 3688 profecto
494 3602 570 3684 riri,
599 3625 662 3668 non
692 3603 914 3684 dubitaverint,
944 3627 1013 3670 eam
1041 3607 1072 3670 iu
1096 3603 1192 3671 libros
1215 3625 1290 3669 suos
1312 3603 1494 3670 notissimos

322 3709 479 3796 recipere,
511 3707 652 3776 arbitrati
686 3710 829 3792 fortasse,
862 3709 1047 3777 Sallustium
1080 3733 1119 3777 ex
1151 3709 1382 3777 adulescentiae
1416 3720 1495 3776 tem-

324 3813 455 3902 poribus
495 3813 577 3881 liano
608 3814 710 3902 Sergii
742 3816 907 3904 imaginem
946 3819 1096 3884 memoria
1129 3818 1277 3884 tenuisse.
1337 3815 1494 3906 Equidem

320 3919 408 3986 baud
439 3923 515 4003 seio,
546 3945 585 3988 au
614 3945 677 3988 non
704 3921 765 3990 lroe
795 3946 920 4012 quoqne
949 3924 990 3990 ab
1018 3933 1147 3990 anctore
1175 3925 1326 4012 scriptum
1349 3926 1399 4006 sit,
1421 3923 1495 4010 quia

324 4029 541 4095 coniuratione
570 4037 618 4094 tot
647 4052 705 4118 per
735 4052 833 4097 cinnes
863 4030 1013 4097 distracta
1035 4029 1203 4097 Sallustius
1226 4031 1391 4120 ignoravit,
1417 4053 1495 4118 quo·

298 4181 301 4188 -
325 4132 422 4200 ruodo
444 4144 509 4201 tarn
532 4136 659 4222 longum
682 4137 817 4224 spatium
841 4137 992 4226 expleret.
1029 4135 1149 4204 Eadem
1172 4137 1213 4203 ‹le
1236 4161 1329 4204 causa
1352 4149 1494 4225 stuprum

326 4263 453 4328 utroque
476 4264 548 4308 cum
571 4241 671 4309 Fabia
692 4243 813 4331 virgine
828 4243 955 4313 Vestali
979 4245 1177 4311 commissum
1200 4244 1262 4310 hoo
1282 4245 1353 4312 loco
1370 4243 1497 4312 ridetur

326 4347 465 4434 positum
499 4371 585 4431 cssc;
619 4359 685 4416 erat
720 4373 757 4416 ca
791 4373 884 4417 cuma
918 4349 1121 4417 celeberrima
1154 4362 1227 4417 anto
1261 4351 1383 4448 iudices
1412 4375 1495 4418 atrnu

325 4455 465 4542 uslsts,
492 4455 598 4521 multis
626 4456 716 4523 urinis
744 4468 909 4545 urrthuruu
934 4455 1071 4523 Catilina
1095 4459 1125 4522 iu
1155 4459 1349 4544 pnwiuciauu
1379 4459 1496 4540 abiret,
