3308 5120
725 645 745 708 a

70 839 71 842 ’
151 837 193 903 illi
220 837 277 902 viri
302 846 364 903 tum
388 847 454 915 arte
477 860 549 902 eum
574 838 711 904 Catilina
733 861 768 904 se
791 835 1038 917 remansissent,
1059 833 1149 901 euius
1170 829 1318 901 auxilium

152 946 182 1009 in
206 945 346 1010 consiliis
369 945 434 1008 suis
457 943 667 1030 exequendis,
690 967 753 1010 non
776 942 1039 1010 eonsuetrulinenr
1061 943 1218 1030 petebant
1259 943 1320 1006 At-

152 1061 255 1116 tamen
278 1049 490 1137 quaeunrdam
513 1060 578 1132 est,
600 1053 727 1136 quinam
750 1049 867 1116 luerint
892 1050 951 1130 illi,
977 1071 1058 1136 quos
1084 1049 1320 1114 ‹lorrrirretieuis

151 1180 224 1244 spes
246 1157 453 1234 lrortulratur·,·
478 1156 582 1222 virum
607 1179 717 1236 uuum,
747 1157 801 1244 qni
827 1165 893 1222 trrnr
924 1156 986 1222 tale
1013 1153 1164 1242 quiddam
1195 1177 1320 1243 sperare

153 1265 322 1352 qurtrrisset,
350 1261 408 1329 Cn.
435 1263 640 1350 Pompeium,
668 1265 698 1329 in
727 1265 773 1329 eis
804 1286 867 1328 non
900 1262 998 1328 luisse
1022 1270 1167 1350 apparet,
1197 1283 1267 1326 eum
1290 1263 1321 1326 in

154 1371 232 1436 Asia
267 1378 361 1435 esset.
419 1369 602 1456 optimates
633 1381 737 1436 autem
773 1393 844 1435 eum
878 1393 1001 1434 ornnem
1035 1367 1257 1456 rempublicam
1290 1367 1322 1433 in

155 1477 297 1542 manibus
322 1485 473 1556 tenerent,
496 1476 539 1542 nil
563 1475 731 1558 habebant,
754 1500 811 1542 eur
834 1475 1057 1564 rempublicam
1073 1483 1214 1542 erertme
1230 1496 1324 1562 eupe-

155 1594 233 1648 rent,
265 1583 316 1648 Ne
331 1583 527 1672 popularium
545 1583 674 1671 quidem
690 1583 798 1664 duces,
818 1584 871 1670 qui
889 1581 996 1649 Sullae
1011 1582 1168 1648 dictatura
1182 1581 1324 1668 oppressi

155 1699 257 1769 erunt,
280 1688 446 1756 Sallustius
470 1689 653 1776 intellegere
678 1690 817 1769 ridetur,
849 1713 921 1754 errrrr
944 1689 1052 1756 Crassi
1080 1711 1194 1754 nornen
1216 1696 1326 1776 postea

156 1795 259 1882 ipsum
276 1798 461 1879 rronrinetur,
484 1796 632 1864 Caesaris
655 1807 771 1878 auteur,
794 1799 820 1862 si
844 1820 938 1884 qnam
958 1795 1077 1878 habuit,
1100 1818 1170 1860 cunr
1191 1793 1326 1862 Catilina

156 1905 407 1970 coniunctionem
442 1906 579 1992 scriptor
614 1904 720 1970 velare
754 1904 890 1969 struleat
947 1903 1106 1969 Incertum
1141 1901 1237 1988 igitur
1269 1909 1328 1981 est,

155 2032 235 2096 quoa
259 2009 320 2074 illis
343 2010 448 2076 verbis
468 2011 642 2077 'Sallustius
665 2010 905 2097 siparitiearerib
935 2010 1070 2075 fortasse
1100 2009 1234 2096 scriptor
1261 2009 1327 2095 ipse

158 2115 321 2202 ignoravit.
346 2157 386 2166 -
409 2117 503 2196 Quae
526 2116 568 2182 ‹le
591 2117 639 2183 M.
662 2117 779 2184 Crasse
803 2125 984 2196 uanantnr,
1011 2115 1133 2182 etiamsi
1157 2136 1233 2180 vera
1256 2115 1329 2194 sint,

158 2233 260 2288 tamen
293 2223 511 2289 diltienltatern
539 2223 698 2311 querulam
729 2223 863 2305 lrabeat,
895 2223 923 2289 si
954 2222 1090 2290 Catilina
1118 2243 1229 2286 revera
1254 2225 1329 2307 pest

157 2323 414 2396 dorrriuntione'rn
452 2331 565 2396 Sullae
596 2332 744 2396 lubidine
769 2331 973 2418 ,reipublicae
1002 2331 1188 2418 erqn'mrdee
1219 2337 1329 2415 eaptus

158 2445 239 2516 erat;
270 2438 476 2524 nequeenim
500 2438 658 2503 aemulum
682 2421 818 2505 Crassus
841 2440 892 2503 vir
920 2437 1120 2503 erratissimus
1148 2435 1330 2502 adiuvisset

158 2541 307 2608 Ceterum
330 2543 357 2609 si
381 2543 465 2610 lurne
488 2545 684 2625 nominabat,
714 2543 883 2611 Caesarem
907 2567 1048 2632 queque,
1077 2544 1130 2632 qui
1160 2543 1219 2608 lure
1242 2543 1274 2609 irr
1296 2563 1330 2607 re

159 2651 257 2735 magis
289 2673 382 2737 qnam
415 2651 467 2716 ille
499 2650 630 2717 haerere
663 2650 806 2734 ridetur,
837 2662 942 2718 tacere
974 2675 1037 2716 non
1067 2649 1212 2717 debebat
1257 2648 1329 2714 Non

160 2755 314 2823 immerito
334 2756 483 2824 Sallustio
506 2757 679 2846 opprobrio
701 2757 804 2840 datur,
826 2757 911 2843 quod
928 2757 1106 2840 Caesarem,
1128 2758 1179 2823 eui
1200 2757 1330 2845 gratiam

159 2860 304 2942 debebat,
326 2885 476 2930 excusare
499 2864 617 2945 studet,
640 2865 791 2932 Crassum
815 2864 1042 2954 propemodum
1065 2874 1208 2931 accusat.v

269 2973 318 3036 18.
337 2974 386 3037 19.
423 2970 540 3058 Capita
562 2974 646 3037 enirn
671 2972 869 3060 insequentia
891 2971 956 3038 duo
974 2972 1014 3037 de
1030 2973 1246 3038 coniuratione
1260 2971 1331 3036 anui

162 3077 233 3162 6881
241 3078 287 3140 *oo
312 3078 427 3167 scriptu
450 3088 534 3159 sunt,
557 3101 639 3165 quae
661 3088 730 3144 tota
752 3079 793 3144 ab
808 3079 927 3146 Crasso
950 3079 1085 3145 ennllnta
1108 3076 1192 3166 apud
1216 3075 1334 3144 Sallus·

163 3183 240 3246 tium
264 3182 398 3249 ridetur.
443 3183 483 3249 In
512 3185 691 3250 narratione
719 3195 784 3251 tarn
807 3185 907 3251 rnulta
929 3186 1064 3251 obseura
1087 3195 1175 3266 sunt,
1198 3191 1234 3249 ut
1254 3182 1333 3248 bene

162 3287 299 3355 Wireius
323 3291 482 3357 monuisse
502 3290 640 3372 videtur,
660 3291 888 3373 „breuitatenr“
912 3293 1057 3380 seripteri
1080 3291 1141 3358 lroe
1163 3291 1234 3358 loeo
1256 3290 1334 3356 vitio

162 3392 298 3461 dandam
320 3419 399 3463 esse.
444 3399 554 3484 Atque
577 3421 671 3485 quarn
700 3422 762 3464 non
792 3399 964 3479 snssieiant,
986 3421 1066 3486 quae
1090 3397 1259 3465 Sallustius
1281 3418 1335 3462 ex·

162 3501 262 3588 ponit,
284 3503 334 3568 vel
351 3502 424 3570 inde
440 3513 582 3593 apparet,
604 3503 689 3592 quod
714 3529 754 3571 ne
770 3528 852 3570 unus
868 3504 997 3593 quidem
1016 3527 1135 3586 eorum,
1156 3505 1210 3592 qui
1225 3511 1335 3593 postea

162 3605 202 3673 de
233 3606 342 3674 earlenr
373 3633 406 3675 ne
435 3610 647 3698 seripsenrnt,
681 3610 867 3677 Sallustium
897 3621 1025 3679 secutus
1055 3624 1117 3694 est,
1149 3631 1334 3698 quamquam

163 3713 308 3781 ounribus
328 3715 469 3782 Sallustii
492 3719 737 3784 eounnentarins
754 3720 785 3784 iu
801 3719 946 3785 manibus
971 3719 1047 3805 fuit;
1069 3719 1155 3785 Livii
1172 3719 1336 3807 epitomae,

163 3817 307 3888 Suetonii
339 3823 404 3889 rita
431 3823 594 3905 Caesaris,
623 3824 728 3891 Cassii
760 3825 878 3892 Dionis
906 3825 1057 3892 historiae
1086 3849 1157 3892 eum
1187 3823 1336 3892 Sallustio

163 3951 225 3992 non
249 3933 459 3996 consentiunt.
505 3930 621 4018 Hagen
646 3930 787 3997 Sallustii
812 3932 1022 3998 narrationem
1046 3941 1110 3998 tam
1134 3932 1240 4020 inepte
1261 3952 1337 3997 eon·

163 4043 286 4122 eeptanr
311 4059 381 4102 esse
403 4048 522 4118 censet,
546 4047 580 4102 nt
604 4040 796 4126 ascriptore
821 4041 894 4105 fieta
916 4062 987 4106 esse
1009 4039 1096 4105 nullo
1118 4038 1213 4105 rrrodo
1226 4039 1337 4126 possit,

163 4163 238 4227 erpo
262 4166 330 4207 earn
356 4145 398 4207 ita
422 4142 628 4230 depravatam
660 4184 700 4193 -
730 4145 762 4210 in
786 4145 929 4212 sontibus
952 4144 992 4211 ab
1015 4171 1054 4212 eo
1077 4146 1236 4212 inventam
1259 4165 1338 4210 esse.

164 4246 327 4334 Stupenda
343 4248 488 4335 profecto
504 4250 660 4316 eiusmodi
677 4251 898 4341 interpretatio
921 4262 956 4318 et
975 4251 1016 4318 ud
1032 4251 1190 4340 quaslibet
1204 4250 1338 4339 ineptias

162 4352 359 4418 ruerrsarrrlrra
382 4367 456 4443 apta
473 4367 520 4422 est
528 4382 537 4437 3
561 4357 690 4423 Sallusti
717 4358 884 4424 facultates
907 4359 1024 4445 ingenii
1048 4358 1151 4424 nullae
1173 4356 1338 4438 essentsi

162 4457 341 4538 „luntibrrs“
364 4459 444 4528 adro
467 4462 667 4545 credidisset,
694 4473 729 4529 ut
754 4487 854 4550 nugas
878 4465 1059 4532 manifestas
1083 4464 1339 4556 intercurreret

163 4563 231 4630 lam
255 4567 357 4632 miuus
381 4579 582 4636 monstruose
605 4593 671 4635 reru
694 4571 901 4659 explicemus.
