<?xml version="1.0" encoding="UTF-8"?>
<!DOCTYPE html PUBLIC "-//W3C//DTD XHTML 1.0 Transitional//EN"
    "http://www.w3.org/TR/xhtml1/DTD/xhtml1-transitional.dtd">
<html xmlns="http://www.w3.org/1999/xhtml" xml:lang="en" lang="en">
 <head>
  <title>
</title>
<meta http-equiv="Content-Type" content="text/html;charset=utf-8" />
  <meta name='ocr-system' content='tesseract 3.04.00' />
  <meta name='ocr-capabilities' content='ocr_page ocr_carea ocr_par ocr_line ocrx_word'/>
</head>
<body>
  <div class='ocr_page' id='page_1' title='image "./deconiurationec00bessgoog/deconiurationec00bessgoog_0201.png"; bbox 0 0 3308 5120; ppageno 0'>
   <div class='ocr_carea' id='block_1_1' title="bbox 21 756 1286 4491">
    <p class='ocr_par' dir='ltr' id='par_1_1' title="bbox 48 756 1266 1166">
     <span class='ocr_line' id='line_1_1' title="bbox 95 756 1265 846; baseline 0 -23"><span class='ocrx_word' id='word_1_1' title='bbox 95 769 167 846; x_wconf 88' lang='lat' dir='ltr'>apta</span> <span class='ocrx_word' id='word_1_2' title='bbox 197 757 354 824; x_wconf 81' lang='lat' dir='ltr'>ridentur.</span> <span class='ocrx_word' id='word_1_3' title='bbox 403 757 571 844; x_wconf 74' lang='lat' dir='ltr'>l‘osttpranr</span> <span class='ocrx_word' id='word_1_4' title='bbox 604 781 660 846; x_wconf 89' lang='lat' dir='ltr'>per</span> <span class='ocrx_word' id='word_1_5' title='bbox 691 767 791 822; x_wconf 86' lang='lat' dir='ltr'>totnrn</span> <span class='ocrx_word' id='word_1_6' title='bbox 825 779 941 822; x_wconf 86' lang='lat' dir='ltr'>arrnnrn</span> <span class='ocrx_word' id='word_1_7' title='bbox 974 756 1102 822; x_wconf 76' lang='lat' dir='ltr'>insidias</span> <span class='ocrx_word' id='word_1_8' title='bbox 1134 757 1265 846; x_wconf 68' lang='lat' dir='ltr'>ploravit,</span> 
     </span>
     <span class='ocr_line' id='line_1_2' title="bbox 48 864 1265 952; baseline 0.001 -23"><span class='ocrx_word' id='word_1_9' title='bbox 48 941 52 950; x_wconf 26' lang='grc'>1</span> <span class='ocrx_word' id='word_1_10' title='bbox 97 866 150 930; x_wconf 82' lang='lat' dir='ltr'>rix</span> <span class='ocrx_word' id='word_1_11' title='bbox 174 865 336 946; x_wconf 71' lang='lat' dir='ltr'>crederes,</span> <span class='ocrx_word' id='word_1_12' title='bbox 358 865 537 929; x_wconf 72' lang='lat' dir='ltr'>coniuratos</span> <span class='ocrx_word' id='word_1_13' title='bbox 557 867 750 952; x_wconf 80' lang='lat' dir='ltr'>perterritos</span> <span class='ocrx_word' id='word_1_14' title='bbox 774 872 803 929; x_wconf 89' lang='lat' dir='ltr'>rt</span> <span class='ocrx_word' id='word_1_15' title='bbox 826 865 1014 930; x_wconf 70' lang='lat' dir='ltr'>dubitantes</span> <span class='ocrx_word' id='word_1_16' title='bbox 1036 864 1149 945; x_wconf 84' lang='lat' dir='ltr'>titisse;</span> <span class='ocrx_word' id='word_1_17' title='bbox 1171 875 1265 952; x_wconf 84' lang='lat' dir='ltr'>atque</span> 
     </span>
     <span class='ocr_line' id='line_1_3' title="bbox 95 970 1266 1058; baseline 0.001 -22"><span class='ocrx_word' id='word_1_18' title='bbox 95 995 166 1037; x_wconf 84' lang='lat' dir='ltr'>erun</span> <span class='ocrx_word' id='word_1_19' title='bbox 199 971 259 1037; x_wconf 90' lang='lat' dir='ltr'>hoe</span> <span class='ocrx_word' id='word_1_20' title='bbox 291 971 413 1037; x_wconf 77' lang='lat' dir='ltr'>laninas</span> <span class='ocrx_word' id='word_1_21' title='bbox 447 994 507 1036; x_wconf 75' lang='lat' dir='ltr'>nrm</span> <span class='ocrx_word' id='word_1_22' title='bbox 542 973 668 1036; x_wconf 71' lang='lat' dir='ltr'>tristioris</span> <span class='ocrx_word' id='word_1_23' title='bbox 701 971 851 1036; x_wconf 83' lang='lat' dir='ltr'>rnonreuti</span> <span class='ocrx_word' id='word_1_24' title='bbox 885 970 969 1058; x_wconf 83' lang='lat' dir='ltr'>aprrd</span> <span class='ocrx_word' id='word_1_25' title='bbox 1003 970 1197 1038; x_wconf 72' lang='lat' dir='ltr'>Sallustium·</span> <span class='ocrx_word' id='word_1_26' title='bbox 1215 972 1266 1052; x_wconf 85' lang='lat' dir='ltr'>sit,</span> 
     </span>
     <span class='ocr_line' id='line_1_4' title="bbox 96 1078 1266 1166; baseline 0.003 -26"><span class='ocrx_word' id='word_1_27' title='bbox 96 1101 189 1166; x_wconf 79' lang='lat' dir='ltr'>rpratn</span> <span class='ocrx_word' id='word_1_28' title='bbox 220 1088 336 1158; x_wconf 85' lang='lat' dir='ltr'>cetera,</span> <span class='ocrx_word' id='word_1_29' title='bbox 365 1100 445 1164; x_wconf 74' lang='lat' dir='ltr'>«litare</span> <span class='ocrx_word' id='word_1_30' title='bbox 475 1078 544 1166; x_wconf 88' lang='lat' dir='ltr'>ipsa</span> <span class='ocrx_word' id='word_1_31' title='bbox 573 1101 701 1165; x_wconf 68' lang='lat' dir='ltr'>«peropto</span> <span class='ocrx_word' id='word_1_32' title='bbox 729 1079 797 1143; x_wconf 85' lang='lat' dir='ltr'>siue</span> <span class='ocrx_word' id='word_1_33' title='bbox 826 1089 942 1144; x_wconf 81' lang='lat' dir='ltr'>eventu</span> <span class='ocrx_word' id='word_1_34' title='bbox 971 1089 1073 1156; x_wconf 75' lang='lat' dir='ltr'>enirn,</span> <span class='ocrx_word' id='word_1_35' title='bbox 1102 1078 1266 1144; x_wconf 73' lang='lat' dir='ltr'>obscurans</span> 
     </span>
    </p>

    <p class='ocr_par' dir='ltr' id='par_1_2' title="bbox 21 1184 1286 4491">
     <span class='ocr_line' id='line_1_5' title="bbox 97 1184 1267 1272; baseline 0 -22"><span class='ocrx_word' id='word_1_36' title='bbox 97 1196 155 1265; x_wconf 83' lang='lat' dir='ltr'>est,</span> <span class='ocrx_word' id='word_1_37' title='bbox 178 1208 235 1250; x_wconf 83' lang='lat' dir='ltr'>ern</span> <span class='ocrx_word' id='word_1_38' title='bbox 257 1207 475 1272; x_wconf 78' lang='lat' dir='ltr'>percussorum</span> <span class='ocrx_word' id='word_1_39' title='bbox 499 1185 626 1250; x_wconf 80' lang='lat' dir='ltr'>nonnua</span> <span class='ocrx_word' id='word_1_40' title='bbox 650 1187 812 1272; x_wconf 81' lang='lat' dir='ltr'>rereperit.</span> <span class='ocrx_word' id='word_1_41' title='bbox 857 1184 926 1250; x_wconf 83' lang='lat' dir='ltr'>Iarn</span> <span class='ocrx_word' id='word_1_42' title='bbox 950 1184 1120 1272; x_wconf 86' lang='lat' dir='ltr'>perieulum</span> <span class='ocrx_word' id='word_1_43' title='bbox 1143 1197 1206 1268; x_wconf 84' lang='lat' dir='ltr'>est,</span> <span class='ocrx_word' id='word_1_44' title='bbox 1227 1209 1267 1250; x_wconf 91' lang='lat' dir='ltr'>ne</span> 
     </span>
     <span class='ocr_line' id='line_1_6' title="bbox 64 1276 1267 1380; baseline 0.002 -26"><span class='ocrx_word' id='word_1_45' title='bbox 64 1276 67 1282; x_wconf 37' lang='lat'><strong>¹</strong></span> <span class='ocrx_word' id='word_1_46' title='bbox 98 1293 202 1358; x_wconf 70' lang='lat' dir='ltr'>(attritio</span> <span class='ocrx_word' id='word_1_47' title='bbox 226 1315 305 1380; x_wconf 85' lang='lat' dir='ltr'>qrrae</span> <span class='ocrx_word' id='word_1_48' title='bbox 329 1301 421 1357; x_wconf 89' lang='lat' dir='ltr'>antea</span> <span class='ocrx_word' id='word_1_49' title='bbox 444 1289 484 1356; x_wconf 91' lang='lat' dir='ltr'>de</span> <span class='ocrx_word' id='word_1_50' title='bbox 507 1290 631 1356; x_wconf 75' lang='lat' dir='ltr'>insidiis</span> <span class='ocrx_word' id='word_1_51' title='bbox 655 1302 777 1357; x_wconf 80' lang='lat' dir='ltr'>rrarnrta</span> <span class='ocrx_word' id='word_1_52' title='bbox 798 1303 880 1372; x_wconf 86' lang='lat' dir='ltr'>sunt,</span> <span class='ocrx_word' id='word_1_53' title='bbox 904 1291 1121 1357; x_wconf 79' lang='lat' dir='ltr'>eorrtrneutieio</span> <span class='ocrx_word' id='word_1_54' title='bbox 1139 1291 1267 1357; x_wconf 87' lang='lat' dir='ltr'>videan-</span> 
     </span>
     <span class='ocr_line' id='line_1_7' title="bbox 99 1398 1266 1486; baseline 0.001 -23"><span class='ocrx_word' id='word_1_55' title='bbox 99 1409 158 1464; x_wconf 87' lang='lat' dir='ltr'>hu.</span> <span class='ocrx_word' id='word_1_56' title='bbox 204 1399 352 1465; x_wconf 82' lang='lat' dir='ltr'>Cetemrn</span> <span class='ocrx_word' id='word_1_57' title='bbox 384 1398 507 1462; x_wconf 87' lang='lat' dir='ltr'>nonriua</span> <span class='ocrx_word' id='word_1_58' title='bbox 539 1399 607 1486; x_wconf 89' lang='lat' dir='ltr'>ipsa</span> <span class='ocrx_word' id='word_1_59' title='bbox 642 1400 675 1465; x_wconf 80' lang='lat'>0.</span> <span class='ocrx_word' id='word_1_60' title='bbox 705 1399 875 1464; x_wconf 81' lang='lat' dir='ltr'>Cornelius</span> <span class='ocrx_word' id='word_1_61' title='bbox 903 1405 933 1463; x_wconf 85' lang='lat' dir='ltr'>et</span> <span class='ocrx_word' id='word_1_62' title='bbox 955 1421 1029 1464; x_wconf 80' lang='lat' dir='ltr'>euru</span> <span class='ocrx_word' id='word_1_63' title='bbox 1054 1421 1089 1464; x_wconf 94' lang='lat' dir='ltr'>eo</span> <span class='ocrx_word' id='word_1_64' title='bbox 1111 1399 1151 1465; x_wconf 81' lang='lat' dir='ltr'>L.</span> <span class='ocrx_word' id='word_1_65' title='bbox 1185 1399 1266 1464; x_wconf 80' lang='lat' dir='ltr'>liu·-</span> 
     </span>
     <span class='ocr_line' id='line_1_8' title="bbox 97 1505 1270 1592; baseline 0.003 -25"><span class='ocrx_word' id='word_1_66' title='bbox 97 1507 258 1588; x_wconf 74' lang='lat' dir='ltr'>ponteius</span> <span class='ocrx_word' id='word_1_67' title='bbox 281 1529 343 1569; x_wconf 73' lang='lat' dir='ltr'>nin</span> <span class='ocrx_word' id='word_1_68' title='bbox 368 1505 444 1570; x_wconf 85' lang='lat' dir='ltr'>satis</span> <span class='ocrx_word' id='word_1_69' title='bbox 468 1505 631 1592; x_wconf 79' lang='lat' dir='ltr'>explorata</span> <span class='ocrx_word' id='word_1_70' title='bbox 654 1517 736 1571; x_wconf 88' lang='lat' dir='ltr'>sunt.</span> <span class='ocrx_word' id='word_1_71' title='bbox 782 1505 895 1572; x_wconf 84' lang='lat' dir='ltr'>Cieero</span> <span class='ocrx_word' id='word_1_72' title='bbox 914 1507 997 1571; x_wconf 89' lang='lat' dir='ltr'>enirn</span> <span class='ocrx_word' id='word_1_73' title='bbox 1019 1507 1061 1589; x_wconf 83' lang='lat' dir='ltr'>(in</span> <span class='ocrx_word' id='word_1_74' title='bbox 1083 1505 1151 1572; x_wconf 75' lang='lat' dir='ltr'>esa</span> <span class='ocrx_word' id='word_1_75' title='bbox 1175 1510 1202 1588; x_wconf 93' lang='lat' dir='ltr'>l,</span> <span class='ocrx_word' id='word_1_76' title='bbox 1218 1509 1270 1586; x_wconf 68' lang='lat' dir='ltr'>ton</span> 
     </span>
     <span class='ocr_line' id='line_1_9' title="bbox 99 1613 1271 1700; baseline 0.002 -24"><span class='ocrx_word' id='word_1_77' title='bbox 99 1613 247 1694; x_wconf 82' lang='lat' dir='ltr'>affirmat,</span> <span class='ocrx_word' id='word_1_78' title='bbox 274 1613 356 1678; x_wconf 85' lang='lat' dir='ltr'>dnos</span> <span class='ocrx_word' id='word_1_79' title='bbox 383 1613 506 1698; x_wconf 79' lang='lat' dir='ltr'>equites</span> <span class='ocrx_word' id='word_1_80' title='bbox 533 1636 661 1700; x_wconf 81' lang='lat' dir='ltr'>opennn</span> <span class='ocrx_word' id='word_1_81' title='bbox 690 1636 778 1678; x_wconf 78' lang='lat' dir='ltr'>suain</span> <span class='ocrx_word' id='word_1_82' title='bbox 807 1613 964 1700; x_wconf 77' lang='lat' dir='ltr'>pollicitos</span> <span class='ocrx_word' id='word_1_83' title='bbox 987 1635 1072 1692; x_wconf 89' lang='lat' dir='ltr'>esse;</span> <span class='ocrx_word' id='word_1_84' title='bbox 1099 1613 1213 1700; x_wconf 85' lang='lat' dir='ltr'>quain</span> <span class='ocrx_word' id='word_1_85' title='bbox 1237 1635 1271 1678; x_wconf 80' lang='lat' dir='ltr'>oe</span> 
     </span>
     <span class='ocr_line' id='line_1_10' title="bbox 100 1719 1271 1807; baseline 0.002 -24"><span class='ocrx_word' id='word_1_86' title='bbox 100 1719 210 1784; x_wconf 83' lang='lat' dir='ltr'>eotrsul</span> <span class='ocrx_word' id='word_1_87' title='bbox 233 1742 334 1805; x_wconf 82' lang='lat' dir='ltr'>treqrte</span> <span class='ocrx_word' id='word_1_88' title='bbox 357 1719 489 1798; x_wconf 78' lang='lat' dir='ltr'>erravit,</span> <span class='ocrx_word' id='word_1_89' title='bbox 519 1721 628 1806; x_wconf 73' lang='lat' dir='ltr'>parnis</span> <span class='ocrx_word' id='word_1_90' title='bbox 658 1721 741 1785; x_wconf 83' lang='lat' dir='ltr'>eninr</span> <span class='ocrx_word' id='word_1_91' title='bbox 764 1719 850 1786; x_wconf 85' lang='lat' dir='ltr'>horis</span> <span class='ocrx_word' id='word_1_92' title='bbox 879 1729 952 1785; x_wconf 74' lang='lat' dir='ltr'>erote</span> <span class='ocrx_word' id='word_1_93' title='bbox 977 1721 1068 1784; x_wconf 84' lang='lat' dir='ltr'>iarrua</span> <span class='ocrx_word' id='word_1_94' title='bbox 1090 1743 1143 1785; x_wconf 86' lang='lat' dir='ltr'>eos</span> <span class='ocrx_word' id='word_1_95' title='bbox 1167 1719 1271 1807; x_wconf 82' lang='lat' dir='ltr'>prohi-</span> 
     </span>
     <span class='ocr_line' id='line_1_11' title="bbox 101 1825 1272 1914; baseline 0.001 -26"><span class='ocrx_word' id='word_1_96' title='bbox 101 1825 226 1906; x_wconf 82' lang='lat' dir='ltr'>huerat,</span> <span class='ocrx_word' id='word_1_97' title='bbox 258 1849 360 1912; x_wconf 84' lang='lat' dir='ltr'>neque</span> <span class='ocrx_word' id='word_1_98' title='bbox 392 1826 517 1906; x_wconf 86' lang='lat' dir='ltr'>fefellit,</span> <span class='ocrx_word' id='word_1_99' title='bbox 549 1827 688 1913; x_wconf 80' lang='lat' dir='ltr'>integros</span> <span class='ocrx_word' id='word_1_100' title='bbox 716 1829 799 1894; x_wconf 83' lang='lat' dir='ltr'>eninr</span> <span class='ocrx_word' id='word_1_101' title='bbox 828 1830 915 1893; x_wconf 77' lang='lat' dir='ltr'>cives</span> <span class='ocrx_word' id='word_1_102' title='bbox 946 1835 1043 1893; x_wconf 86' lang='lat' dir='ltr'>testes</span> <span class='ocrx_word' id='word_1_103' title='bbox 1076 1827 1134 1892; x_wconf 88' lang='lat' dir='ltr'>sibi</span> <span class='ocrx_word' id='word_1_104' title='bbox 1167 1849 1272 1914; x_wconf 73' lang='lat' dir='ltr'>sunap-</span> 
     </span>
     <span class='ocr_line' id='line_1_12' title="bbox 103 1931 1273 2020; baseline 0.003 -24"><span class='ocrx_word' id='word_1_105' title='bbox 103 1943 196 1998; x_wconf 89' lang='lat' dir='ltr'>serat.</span> <span class='ocrx_word' id='word_1_106' title='bbox 242 1933 341 2019; x_wconf 79' lang='lat' dir='ltr'>Atqui</span> <span class='ocrx_word' id='word_1_107' title='bbox 370 1931 537 1997; x_wconf 76' lang='lat' dir='ltr'>Sallustius</span> <span class='ocrx_word' id='word_1_108' title='bbox 560 1933 795 2020; x_wconf 82' lang='lat' dir='ltr'>Vatgttuteirnn</span> <span class='ocrx_word' id='word_1_109' title='bbox 819 1942 1000 2001; x_wconf 71' lang='lat' dir='ltr'><em>senatorem</em></span> <span class='ocrx_word' id='word_1_110' title='bbox 1026 1937 1176 2014; x_wconf 53' lang='lat' dir='ltr'>saturninam</span> <span class='ocrx_word' id='word_1_111' title='bbox 1199 1955 1273 2017; x_wconf 80' lang='lat' dir='ltr'>ergo</span> 
     </span>
     <span class='ocr_line' id='line_1_13' title="bbox 104 2039 1273 2130; baseline 0.002 -25"><span class='ocrx_word' id='word_1_112' title='bbox 104 2041 135 2105; x_wconf 92' lang='lat' dir='ltr'>in</span> <span class='ocrx_word' id='word_1_113' title='bbox 160 2040 221 2106; x_wconf 87' lang='lat' dir='ltr'>hoe</span> <span class='ocrx_word' id='word_1_114' title='bbox 243 2040 369 2105; x_wconf 84' lang='lat' dir='ltr'>nomine</span> <span class='ocrx_word' id='word_1_115' title='bbox 393 2041 541 2105; x_wconf 77' lang='lat' dir='ltr'>euanuit.¹</span> <span class='ocrx_word' id='word_1_116' title='bbox 564 2039 746 2107; x_wconf 74' lang='lat' dir='ltr'>Corneliano</span> <span class='ocrx_word' id='word_1_117' title='bbox 763 2041 876 2108; x_wconf 82' lang='lat' dir='ltr'>Cieeto</span> <span class='ocrx_word' id='word_1_118' title='bbox 899 2064 1024 2128; x_wconf 72' lang='lat' dir='ltr'>«peropto</span> <span class='ocrx_word' id='word_1_119' title='bbox 1040 2053 1107 2130; x_wconf 82' lang='lat' dir='ltr'>(pto</span> <span class='ocrx_word' id='word_1_120' title='bbox 1122 2041 1207 2108; x_wconf 89' lang='lat' dir='ltr'>Sulla</span> <span class='ocrx_word' id='word_1_121' title='bbox 1221 2046 1273 2122; x_wconf 69' lang='lat'>52)</span> 
     </span>
     <span class='ocr_line' id='line_1_14' title="bbox 21 2145 1273 2237; baseline 0.003 -26"><span class='ocrx_word' id='word_1_122' title='bbox 21 2188 24 2194; x_wconf 91' lang='lat'>·</span> <span class='ocrx_word' id='word_1_123' title='bbox 104 2148 260 2227; x_wconf 70' lang='lat' dir='ltr'>trauainai,</span> <span class='ocrx_word' id='word_1_124' title='bbox 283 2145 411 2212; x_wconf 86' lang='lat' dir='ltr'>alterins</span> <span class='ocrx_word' id='word_1_125' title='bbox 442 2147 652 2214; x_wconf 72' lang='lat' dir='ltr'>intellectoris</span> <span class='ocrx_word' id='word_1_126' title='bbox 681 2172 795 2214; x_wconf 86' lang='lat' dir='ltr'>nonren</span> <span class='ocrx_word' id='word_1_127' title='bbox 824 2148 908 2237; x_wconf 78' lang='lat' dir='ltr'>aput</span> <span class='ocrx_word' id='word_1_128' title='bbox 939 2172 1010 2214; x_wconf 88' lang='lat' dir='ltr'>eum</span> <span class='ocrx_word' id='word_1_129' title='bbox 1039 2173 1099 2214; x_wconf 68' lang='lat' dir='ltr'>nitu</span> <span class='ocrx_word' id='word_1_130' title='bbox 1127 2147 1273 2215; x_wconf 74' lang='lat' dir='ltr'>traditum</span> 
     </span>
     <span class='ocr_line' id='line_1_15' title="bbox 105 2252 1275 2344; baseline 0.002 -24"><span class='ocrx_word' id='word_1_131' title='bbox 105 2263 163 2320; x_wconf 86' lang='lat' dir='ltr'>ost.</span> <span class='ocrx_word' id='word_1_132' title='bbox 210 2252 273 2320; x_wconf 84' lang='lat' dir='ltr'>Sed</span> <span class='ocrx_word' id='word_1_133' title='bbox 306 2254 333 2317; x_wconf 89' lang='lat' dir='ltr'>si</span> <span class='ocrx_word' id='word_1_134' title='bbox 368 2253 532 2318; x_wconf 71' lang='lat' dir='ltr'>nobiseum</span> <span class='ocrx_word' id='word_1_135' title='bbox 568 2267 763 2344; x_wconf 85' lang='lat' dir='ltr'>reputamus,</span> <span class='ocrx_word' id='word_1_136' title='bbox 797 2265 949 2344; x_wconf 65' lang='lat' dir='ltr'>‹prrontunr</span> <span class='ocrx_word' id='word_1_137' title='bbox 984 2257 1066 2322; x_wconf 84' lang='lat' dir='ltr'>inter</span> <span class='ocrx_word' id='word_1_138' title='bbox 1098 2257 1275 2323; x_wconf 72' lang='lat' dir='ltr'>continuatos</span> 
     </span>
     <span class='ocr_line' id='line_1_16' title="bbox 105 2359 1275 2450; baseline 0.001 -24"><span class='ocrx_word' id='word_1_139' title='bbox 105 2364 192 2448; x_wconf 86' lang='lat' dir='ltr'>ipsos</span> <span class='ocrx_word' id='word_1_140' title='bbox 216 2359 336 2426; x_wconf 82' lang='lat' dir='ltr'>ordinis</span> <span class='ocrx_word' id='word_1_141' title='bbox 355 2359 491 2447; x_wconf 86' lang='lat' dir='ltr'>dignitas</span> <span class='ocrx_word' id='word_1_142' title='bbox 512 2361 655 2444; x_wconf 77' lang='lat' dir='ltr'>valuerit,</span> <span class='ocrx_word' id='word_1_143' title='bbox 678 2365 744 2430; x_wconf 79' lang='lat' dir='ltr'>reri</span> <span class='ocrx_word' id='word_1_144' title='bbox 765 2387 825 2430; x_wconf 93' lang='lat' dir='ltr'>non</span> <span class='ocrx_word' id='word_1_145' title='bbox 846 2363 948 2429; x_wconf 86' lang='lat' dir='ltr'>simile</span> <span class='ocrx_word' id='word_1_146' title='bbox 965 2373 1022 2444; x_wconf 90' lang='lat' dir='ltr'>est,</span> <span class='ocrx_word' id='word_1_147' title='bbox 1038 2363 1275 2450; x_wconf 80' lang='lat' dir='ltr'>Vargunteium,</span> 
     </span>
     <span class='ocr_line' id='line_1_17' title="bbox 105 2467 1275 2558; baseline 0.003 -26"><span class='ocrx_word' id='word_1_148' title='bbox 105 2491 197 2554; x_wconf 80' lang='lat' dir='ltr'>quern</span> <span class='ocrx_word' id='word_1_149' title='bbox 222 2468 369 2556; x_wconf 73' lang='lat' dir='ltr'>paretonii</span> <span class='ocrx_word' id='word_1_150' title='bbox 394 2467 513 2534; x_wconf 82' lang='lat' dir='ltr'>ordinis</span> <span class='ocrx_word' id='word_1_151' title='bbox 537 2469 635 2537; x_wconf 83' lang='lat' dir='ltr'>fuisse</span> <span class='ocrx_word' id='word_1_152' title='bbox 660 2471 823 2537; x_wconf 84' lang='lat' dir='ltr'>lhunrann</span> <span class='ocrx_word' id='word_1_153' title='bbox 848 2470 956 2552; x_wconf 79' lang='lat' dir='ltr'>docet,</span> <span class='ocrx_word' id='word_1_154' title='bbox 986 2494 1056 2536; x_wconf 84' lang='lat' dir='ltr'>eum</span> <span class='ocrx_word' id='word_1_155' title='bbox 1080 2473 1184 2558; x_wconf 73' lang='lat' dir='ltr'>eipnite</span> <span class='ocrx_word' id='word_1_156' title='bbox 1214 2470 1275 2537; x_wconf 82' lang='lat' dir='ltr'>tale</span> 
     </span>
     <span class='ocr_line' id='line_1_18' title="bbox 107 2571 1277 2666; baseline 0.005 -28"><span class='ocrx_word' id='word_1_157' title='bbox 107 2575 258 2660; x_wconf 80' lang='lat' dir='ltr'>llagitiuur</span> <span class='ocrx_word' id='word_1_158' title='bbox 287 2576 474 2662; x_wconf 77' lang='lat' dir='ltr'>suscepisse.</span> <span class='ocrx_word' id='word_1_159' title='bbox 521 2575 621 2646; x_wconf 40' lang='lat' dir='ltr'>Unde*</span> <span class='ocrx_word' id='word_1_160' title='bbox 645 2571 745 2666; x_wconf 85' lang='lat' dir='ltr'>igitur</span> <span class='ocrx_word' id='word_1_161' title='bbox 768 2579 937 2646; x_wconf 80' lang='lat' dir='ltr'>Sallustius</span> <span class='ocrx_word' id='word_1_162' title='bbox 960 2578 1020 2643; x_wconf 88' lang='lat' dir='ltr'>hoe</span> <span class='ocrx_word' id='word_1_163' title='bbox 1047 2602 1158 2643; x_wconf 74' lang='lat' dir='ltr'>nenton</span> <span class='ocrx_word' id='word_1_164' title='bbox 1188 2601 1277 2666; x_wconf 79' lang='lat' dir='ltr'>rope·</span> 
     </span>
     <span class='ocr_line' id='line_1_19' title="bbox 108 2679 1277 2774; baseline 0.003 -29"><span class='ocrx_word' id='word_1_165' title='bbox 108 2683 201 2747; x_wconf 76' lang='lat' dir='ltr'>tivit?</span> <span class='ocrx_word' id='word_1_166' title='bbox 246 2679 343 2770; x_wconf 82' lang='lat' dir='ltr'>Apud</span> <span class='ocrx_word' id='word_1_167' title='bbox 367 2693 488 2748; x_wconf 81' lang='lat' dir='ltr'>ceteros</span> <span class='ocrx_word' id='word_1_168' title='bbox 512 2697 658 2752; x_wconf 67' lang='lat' dir='ltr'>iuniores</span> <span class='ocrx_word' id='word_1_169' title='bbox 682 2687 776 2752; x_wconf 84' lang='lat' dir='ltr'>etiam</span> <span class='ocrx_word' id='word_1_170' title='bbox 800 2686 861 2751; x_wconf 87' lang='lat' dir='ltr'>alia</span> <span class='ocrx_word' id='word_1_171' title='bbox 879 2685 1007 2752; x_wconf 87' lang='lat' dir='ltr'>nomina</span> <span class='ocrx_word' id='word_1_172' title='bbox 1021 2684 1185 2752; x_wconf 80' lang='lat' dir='ltr'>habentus:</span> <span class='ocrx_word' id='word_1_173' title='bbox 1209 2687 1277 2774; x_wconf 81' lang='lat' dir='ltr'>Ap-</span> 
     </span>
     <span class='ocr_line' id='line_1_20' title="bbox 108 2788 1277 2876; baseline 0.007 -26"><span class='ocrx_word' id='word_1_174' title='bbox 108 2791 221 2876; x_wconf 86' lang='lat' dir='ltr'>pianas</span> <span class='ocrx_word' id='word_1_175' title='bbox 254 2789 311 2873; x_wconf 83' lang='lat' dir='ltr'>(Il,</span> <span class='ocrx_word' id='word_1_176' title='bbox 346 2793 376 2876; x_wconf 78' lang='lat'>3)</span> <span class='ocrx_word' id='word_1_177' title='bbox 410 2788 537 2856; x_wconf 84' lang='lat' dir='ltr'>Lentuli</span> <span class='ocrx_word' id='word_1_178' title='bbox 573 2803 604 2858; x_wconf 85' lang='lat' dir='ltr'>et</span> <span class='ocrx_word' id='word_1_179' title='bbox 641 2793 774 2876; x_wconf 80' lang='lat' dir='ltr'>Cethegi</span> <span class='ocrx_word' id='word_1_180' title='bbox 810 2795 935 2858; x_wconf 75' lang='lat' dir='ltr'>nonina</span> <span class='ocrx_word' id='word_1_181' title='bbox 971 2791 1076 2875; x_wconf 68' lang='lat' dir='ltr'>aliem</span> <span class='ocrx_word' id='word_1_182' title='bbox 1114 2791 1168 2858; x_wconf 89' lang='lat' dir='ltr'>sed</span> <span class='ocrx_word' id='word_1_183' title='bbox 1207 2815 1277 2858; x_wconf 89' lang='lat' dir='ltr'>curn</span> 
     </span>
     <span class='ocr_line' id='line_1_21' title="bbox 109 2896 1278 2981; baseline 0.003 -22"><span class='ocrx_word' id='word_1_184' title='bbox 109 2896 245 2961; x_wconf 78' lang='lat' dir='ltr'>rrrrrratio</span> <span class='ocrx_word' id='word_1_185' title='bbox 272 2897 340 2963; x_wconf 90' lang='lat' dir='ltr'>eins</span> <span class='ocrx_word' id='word_1_186' title='bbox 368 2906 436 2962; x_wconf 80' lang='lat' dir='ltr'>tota</span> <span class='ocrx_word' id='word_1_187' title='bbox 463 2921 502 2964; x_wconf 84' lang='lat' dir='ltr'>ex</span> <span class='ocrx_word' id='word_1_188' title='bbox 526 2899 667 2966; x_wconf 79' lang='lat' dir='ltr'>Sallustii</span> <span class='ocrx_word' id='word_1_189' title='bbox 692 2900 773 2967; x_wconf 82' lang='lat' dir='ltr'>libro</span> <span class='ocrx_word' id='word_1_190' title='bbox 795 2901 908 2966; x_wconf 81' lang='lat' dir='ltr'>lnnrsto</span> <span class='ocrx_word' id='word_1_191' title='bbox 932 2902 986 2981; x_wconf 84' lang='lat' dir='ltr'>sit,</span> <span class='ocrx_word' id='word_1_192' title='bbox 1010 2899 1140 2966; x_wconf 78' lang='lat' dir='ltr'>forsitan</span> <span class='ocrx_word' id='word_1_193' title='bbox 1163 2900 1278 2964; x_wconf 85' lang='lat' dir='ltr'>coniol-</span> 
     </span>
     <span class='ocr_line' id='line_1_22' title="bbox 109 3008 1278 3095; baseline -0.003 -19"><span class='ocrx_word' id='word_1_194' title='bbox 109 3011 224 3077; x_wconf 83' lang='lat' dir='ltr'>onduur</span> <span class='ocrx_word' id='word_1_195' title='bbox 255 3013 310 3094; x_wconf 82' lang='lat' dir='ltr'>sit,</span> <span class='ocrx_word' id='word_1_196' title='bbox 340 3035 410 3077; x_wconf 84' lang='lat' dir='ltr'>etna</span> <span class='ocrx_word' id='word_1_197' title='bbox 440 3009 606 3075; x_wconf 82' lang='lat' dir='ltr'>nrenroriae</span> <span class='ocrx_word' id='word_1_198' title='bbox 635 3008 724 3095; x_wconf 92' lang='lat' dir='ltr'>lapsu</span> <span class='ocrx_word' id='word_1_199' title='bbox 752 3008 831 3074; x_wconf 86' lang='lat' dir='ltr'>haee</span> <span class='ocrx_word' id='word_1_200' title='bbox 858 3008 986 3073; x_wconf 78' lang='lat' dir='ltr'>rrorniua</span> <span class='ocrx_word' id='word_1_201' title='bbox 1015 3008 1171 3095; x_wconf 79' lang='lat' dir='ltr'>posuisse,</span> <span class='ocrx_word' id='word_1_202' title='bbox 1199 3029 1278 3094; x_wconf 84' lang='lat' dir='ltr'>quoe</span> 
     </span>
     <span class='ocr_line' id='line_1_23' title="bbox 109 3114 1280 3206; baseline -0.006 -24"><span class='ocrx_word' id='word_1_203' title='bbox 109 3119 192 3206; x_wconf 87' lang='lat' dir='ltr'>apttd</span> <span class='ocrx_word' id='word_1_204' title='bbox 217 3119 398 3185; x_wconf 77' lang='lat' dir='ltr'>Sallustiani</span> <span class='ocrx_word' id='word_1_205' title='bbox 423 3120 491 3200; x_wconf 83' lang='lat'>(32,</span> <span class='ocrx_word' id='word_1_206' title='bbox 514 3120 548 3203; x_wconf 83' lang='lat'>2)</span> <span class='ocrx_word' id='word_1_207' title='bbox 580 3138 642 3180; x_wconf 75' lang='lat' dir='ltr'>rana</span> <span class='ocrx_word' id='word_1_208' title='bbox 666 3116 880 3196; x_wconf 80' lang='lat' dir='ltr'>nontinantnr3</span> <span class='ocrx_word' id='word_1_209' title='bbox 913 3137 1013 3203; x_wconf 84' lang='lat' dir='ltr'>troque</span> <span class='ocrx_word' id='word_1_210' title='bbox 1042 3137 1116 3181; x_wconf 79' lang='lat' dir='ltr'>vero</span> <span class='ocrx_word' id='word_1_211' title='bbox 1146 3137 1183 3180; x_wconf 85' lang='lat' dir='ltr'>eo</span> <span class='ocrx_word' id='word_1_212' title='bbox 1209 3114 1280 3180; x_wconf 90' lang='lat' dir='ltr'>loeo</span> 
     </span>
     <span class='ocr_line' id='line_1_24' title="bbox 110 3217 1280 3311; baseline -0.003 -19"><span class='ocrx_word' id='word_1_213' title='bbox 110 3225 278 3292; x_wconf 81' lang='lat' dir='ltr'>Sallustius</span> <span class='ocrx_word' id='word_1_214' title='bbox 306 3223 505 3311; x_wconf 83' lang='lat' dir='ltr'>suscipienda</span> <span class='ocrx_word' id='word_1_215' title='bbox 535 3222 576 3288; x_wconf 87' lang='lat' dir='ltr'>de</span> <span class='ocrx_word' id='word_1_216' title='bbox 604 3245 681 3289; x_wconf 78' lang='lat' dir='ltr'>noce</span> <span class='ocrx_word' id='word_1_217' title='bbox 709 3221 886 3305; x_wconf 78' lang='lat' dir='ltr'>Ciceronis,</span> <span class='ocrx_word' id='word_1_218' title='bbox 914 3221 971 3288; x_wconf 88' lang='lat' dir='ltr'>sed</span> <span class='ocrx_word' id='word_1_219' title='bbox 1000 3221 1040 3287; x_wconf 88' lang='lat' dir='ltr'>de</span> <span class='ocrx_word' id='word_1_220' title='bbox 1068 3217 1280 3289; x_wconf 66' lang='lat' dir='ltr'>sinuosos-</span> 
     </span>
     <span class='ocr_line' id='line_1_25' title="bbox 111 3328 1281 3418; baseline -0.003 -22"><span class='ocrx_word' id='word_1_221' title='bbox 111 3333 229 3398; x_wconf 88' lang='lat' dir='ltr'>tiliniae</span> <span class='ocrx_word' id='word_1_222' title='bbox 257 3332 330 3418; x_wconf 86' lang='lat' dir='ltr'>agit.</span> <span class='ocrx_word' id='word_1_223' title='bbox 376 3331 564 3396; x_wconf 83' lang='lat' dir='ltr'>l’lntarehus</span> <span class='ocrx_word' id='word_1_224' title='bbox 592 3353 664 3395; x_wconf 84' lang='lat' dir='ltr'>enm</span> <span class='ocrx_word' id='word_1_225' title='bbox 692 3329 836 3417; x_wconf 82' lang='lat' dir='ltr'>Cethego</span> <span class='ocrx_word' id='word_1_226' title='bbox 859 3330 1016 3395; x_wconf 84' lang='lat' dir='ltr'>hlareiunr</span> <span class='ocrx_word' id='word_1_227' title='bbox 1044 3328 1198 3417; x_wconf 83' lang='lat' dir='ltr'>querulam</span> <span class='ocrx_word' id='word_1_228' title='bbox 1224 3352 1281 3394; x_wconf 90' lang='lat' dir='ltr'>no-</span> 
     </span>
     <span class='ocr_line' id='line_1_26' title="bbox 111 3437 1281 3526; baseline -0.003 -22"><span class='ocrx_word' id='word_1_229' title='bbox 111 3441 223 3518; x_wconf 84' lang='lat' dir='ltr'>minat,</span> <span class='ocrx_word' id='word_1_230' title='bbox 250 3438 290 3503; x_wconf 89' lang='lat' dir='ltr'>de</span> <span class='ocrx_word' id='word_1_231' title='bbox 317 3461 379 3526; x_wconf 88' lang='lat' dir='ltr'>quo</span> <span class='ocrx_word' id='word_1_232' title='bbox 408 3437 482 3504; x_wconf 89' lang='lat' dir='ltr'>nihil</span> <span class='ocrx_word' id='word_1_233' title='bbox 511 3449 706 3526; x_wconf 83' lang='lat' dir='ltr'>rornperturn</span> <span class='ocrx_word' id='word_1_234' title='bbox 734 3437 896 3504; x_wconf 78' lang='lat' dir='ltr'>hahemus,</span> <span class='ocrx_word' id='word_1_235' title='bbox 946 3437 1058 3522; x_wconf 77' lang='lat' dir='ltr'>Neque</span> <span class='ocrx_word' id='word_1_236' title='bbox 1086 3439 1195 3502; x_wconf 84' lang='lat' dir='ltr'>nrirrrm</span> <span class='ocrx_word' id='word_1_237' title='bbox 1223 3445 1281 3518; x_wconf 86' lang='lat' dir='ltr'>est,</span> 
     </span>
     <span class='ocr_line' id='line_1_27' title="bbox 112 3543 1283 3639; baseline 0.001 -31"><span class='ocrx_word' id='word_1_238' title='bbox 112 3544 197 3632; x_wconf 81' lang='lat' dir='ltr'>quod</span> <span class='ocrx_word' id='word_1_239' title='bbox 220 3545 252 3610; x_wconf 92' lang='lat' dir='ltr'>hi</span> <span class='ocrx_word' id='word_1_240' title='bbox 270 3545 383 3639; x_wconf 79' lang='lat' dir='ltr'>Graeci</span> <span class='ocrx_word' id='word_1_241' title='bbox 407 3545 471 3610; x_wconf 86' lang='lat' dir='ltr'>duo</span> <span class='ocrx_word' id='word_1_242' title='bbox 492 3545 669 3633; x_wconf 84' lang='lat' dir='ltr'>Cethegum</span> <span class='ocrx_word' id='word_1_243' title='bbox 692 3544 827 3611; x_wconf 83' lang='lat' dir='ltr'>electum</span> <span class='ocrx_word' id='word_1_244' title='bbox 850 3545 951 3610; x_wconf 84' lang='lat' dir='ltr'>fuisse</span> <span class='ocrx_word' id='word_1_245' title='bbox 974 3543 1114 3626; x_wconf 83' lang='lat' dir='ltr'>eredunt,</span> <span class='ocrx_word' id='word_1_246' title='bbox 1137 3545 1163 3608; x_wconf 86' lang='lat' dir='ltr'>is</span> <span class='ocrx_word' id='word_1_247' title='bbox 1187 3545 1283 3625; x_wconf 88' lang='lat' dir='ltr'>enim,</span> 
     </span>
     <span class='ocr_line' id='line_1_28' title="bbox 113 3651 1282 3740; baseline 0.001 -23"><span class='ocrx_word' id='word_1_248' title='bbox 113 3675 173 3740; x_wconf 80' lang='lat' dir='ltr'>qna</span> <span class='ocrx_word' id='word_1_249' title='bbox 198 3662 265 3718; x_wconf 84' lang='lat' dir='ltr'>erat</span> <span class='ocrx_word' id='word_1_250' title='bbox 287 3653 409 3719; x_wconf 85' lang='lat' dir='ltr'>rabiosa</span> <span class='ocrx_word' id='word_1_251' title='bbox 433 3651 578 3734; x_wconf 80' lang='lat' dir='ltr'>andacia,</span> <span class='ocrx_word' id='word_1_252' title='bbox 601 3655 670 3719; x_wconf 86' lang='lat' dir='ltr'>sine</span> <span class='ocrx_word' id='word_1_253' title='bbox 693 3651 792 3718; x_wconf 89' lang='lat' dir='ltr'>duhio</span> <span class='ocrx_word' id='word_1_254' title='bbox 815 3653 997 3740; x_wconf 85' lang='lat' dir='ltr'>aptissimus</span> <span class='ocrx_word' id='word_1_255' title='bbox 1026 3651 1152 3732; x_wconf 83' lang='lat' dir='ltr'>fnisset-;</span> <span class='ocrx_word' id='word_1_256' title='bbox 1182 3673 1282 3738; x_wconf 74' lang='lat' dir='ltr'>neth</span> 
     </span>
     <span class='ocr_line' id='line_1_29' title="bbox 113 3759 1284 3846; baseline -0.002 -20"><span class='ocrx_word' id='word_1_257' title='bbox 113 3771 217 3826; x_wconf 81' lang='lat' dir='ltr'>tarrren</span> <span class='ocrx_word' id='word_1_258' title='bbox 250 3759 428 3825; x_wconf 75' lang='lat' dir='ltr'>interhrisse</span> <span class='ocrx_word' id='word_1_259' title='bbox 462 3759 596 3825; x_wconf 80' lang='lat' dir='ltr'>ridetur.</span> <span class='ocrx_word' id='word_1_260' title='bbox 643 3759 727 3826; x_wconf 84' lang='lat' dir='ltr'>Satis</span> <span class='ocrx_word' id='word_1_261' title='bbox 760 3769 809 3826; x_wconf 85' lang='lat' dir='ltr'>est</span> <span class='ocrx_word' id='word_1_262' title='bbox 843 3782 1048 3846; x_wconf 74' lang='lat' dir='ltr'>cognoscere,</span> <span class='ocrx_word' id='word_1_263' title='bbox 1079 3759 1232 3824; x_wconf 80' lang='lat' dir='ltr'>uentinem</span> <span class='ocrx_word' id='word_1_264' title='bbox 1264 3781 1284 3824; x_wconf 85' lang='lat' dir='ltr'>a</span> 
     </span>
     <span class='ocr_line' id='line_1_30' title="bbox 114 3865 1285 3955; baseline 0.001 -23"><span class='ocrx_word' id='word_1_265' title='bbox 114 3867 264 3933; x_wconf 87' lang='lat' dir='ltr'>Sallustio</span> <span class='ocrx_word' id='word_1_266' title='bbox 288 3866 465 3954; x_wconf 82' lang='lat' dir='ltr'>Vatgtrntei</span> <span class='ocrx_word' id='word_1_267' title='bbox 490 3890 602 3932; x_wconf 71' lang='lat' dir='ltr'>nisinun</span> <span class='ocrx_word' id='word_1_268' title='bbox 632 3867 800 3955; x_wconf 83' lang='lat' dir='ltr'>recepisse.</span> <span class='ocrx_word' id='word_1_269' title='bbox 823 3906 866 3917; x_wconf 95' lang='lat'>—</span> <span class='ocrx_word' id='word_1_270' title='bbox 890 3867 1006 3954; x_wconf 84' lang='lat' dir='ltr'>Hagen</span> <span class='ocrx_word' id='word_1_271' title='bbox 1033 3865 1214 3933; x_wconf 78' lang='lat' dir='ltr'>Sallustium</span> <span class='ocrx_word' id='word_1_272' title='bbox 1236 3866 1285 3933; x_wconf 88' lang='lat' dir='ltr'>vi·</span> 
     </span>
     <span class='ocr_line' id='line_1_31' title="bbox 114 3971 1284 4062; baseline -0.002 -23"><span class='ocrx_word' id='word_1_273' title='bbox 114 3983 253 4062; x_wconf 68' lang='lat' dir='ltr'>turpant,</span> <span class='ocrx_word' id='word_1_274' title='bbox 283 3971 368 4061; x_wconf 89' lang='lat' dir='ltr'>quod</span> <span class='ocrx_word' id='word_1_275' title='bbox 395 3974 465 4040; x_wconf 85' lang='lat' dir='ltr'>illos</span> <span class='ocrx_word' id='word_1_276' title='bbox 498 3997 572 4040; x_wconf 82' lang='lat' dir='ltr'>euru</span> <span class='ocrx_word' id='word_1_277' title='bbox 607 3975 748 4040; x_wconf 81' lang='lat' dir='ltr'>euomtis</span> <span class='ocrx_word' id='word_1_278' title='bbox 780 3975 972 4041; x_wconf 77' lang='lat' dir='ltr'>hominihus</span> <span class='ocrx_word' id='word_1_279' title='bbox 1002 3974 1128 4040; x_wconf 75' lang='lat' dir='ltr'>introire</span> <span class='ocrx_word' id='word_1_280' title='bbox 1156 3982 1284 4040; x_wconf 79' lang='lat' dir='ltr'>conatos</span> 
     </span>
     <span class='ocr_line' id='line_1_32' title="bbox 113 4079 1285 4169; baseline 0 -23"><span class='ocrx_word' id='word_1_281' title='bbox 113 4104 183 4146; x_wconf 84' lang='lat' dir='ltr'>esse</span> <span class='ocrx_word' id='word_1_282' title='bbox 207 4082 333 4168; x_wconf 72' lang='lat' dir='ltr'>scripsit</span> <span class='ocrx_word' id='word_1_283' title='bbox 341 4106 349 4162; x_wconf 90' lang='lat'>;</span> <span class='ocrx_word' id='word_1_284' title='bbox 377 4089 463 4147; x_wconf 87' lang='lat' dir='ltr'>eerte</span> <span class='ocrx_word' id='word_1_285' title='bbox 491 4079 641 4146; x_wconf 79' lang='lat' dir='ltr'>stolidrun</span> <span class='ocrx_word' id='word_1_286' title='bbox 665 4082 778 4147; x_wconf 82' lang='lat' dir='ltr'>suisset</span> <span class='ocrx_word' id='word_1_287' title='bbox 800 4105 870 4147; x_wconf 86' lang='lat' dir='ltr'>onrn</span> <span class='ocrx_word' id='word_1_288' title='bbox 894 4081 1007 4169; x_wconf 85' lang='lat' dir='ltr'>gladiis</span> <span class='ocrx_word' id='word_1_289' title='bbox 1031 4081 1190 4168; x_wconf 78' lang='lat' dir='ltr'>laist-isque</span> <span class='ocrx_word' id='word_1_290' title='bbox 1212 4090 1285 4147; x_wconf 84' lang='lat' dir='ltr'>unte</span> 
     </span>
     <span class='ocr_line' id='line_1_33' title="bbox 114 4186 1286 4277; baseline 0.002 -25"><span class='ocrx_word' id='word_1_291' title='bbox 114 4188 251 4254; x_wconf 82' lang='lat' dir='ltr'>roosnlis</span> <span class='ocrx_word' id='word_1_292' title='bbox 281 4186 408 4253; x_wconf 75' lang='lat' dir='ltr'>donnum</span> <span class='ocrx_word' id='word_1_293' title='bbox 437 4188 496 4269; x_wconf 78' lang='lat' dir='ltr'>in,</span> <span class='ocrx_word' id='word_1_294' title='bbox 526 4187 582 4254; x_wconf 90' lang='lat' dir='ltr'>sod</span> <span class='ocrx_word' id='word_1_295' title='bbox 614 4188 658 4254; x_wconf 91' lang='lat' dir='ltr'>nil</span> <span class='ocrx_word' id='word_1_296' title='bbox 682 4187 829 4276; x_wconf 87' lang='lat' dir='ltr'>impedit,</span> <span class='ocrx_word' id='word_1_297' title='bbox 858 4189 1025 4277; x_wconf 72' lang='lat' dir='ltr'>‹literaninns</span> <span class='ocrx_word' id='word_1_298' title='bbox 1049 4187 1118 4254; x_wconf 89' lang='lat' dir='ltr'>illos</span> <span class='ocrx_word' id='word_1_299' title='bbox 1141 4187 1214 4254; x_wconf 88' lang='lat' dir='ltr'>stilo</span> <span class='ocrx_word' id='word_1_300' title='bbox 1236 4211 1286 4254; x_wconf 88' lang='lat' dir='ltr'>ar·</span> 
     </span>
     <span class='ocr_line' id='line_1_34' title="bbox 115 4294 1284 4384; baseline 0.001 -25"><span class='ocrx_word' id='word_1_301' title='bbox 115 4305 215 4360; x_wconf 77' lang='lat' dir='ltr'>roaros</span> <span class='ocrx_word' id='word_1_302' title='bbox 239 4294 338 4360; x_wconf 86' lang='lat' dir='ltr'>fnisse</span> <span class='ocrx_word' id='word_1_303' title='bbox 361 4306 523 4383; x_wconf 77' lang='lat' dir='ltr'>pinennrs;</span> <span class='ocrx_word' id='word_1_304' title='bbox 546 4317 648 4384; x_wconf 81' lang='lat' dir='ltr'>nocpre</span> <span class='ocrx_word' id='word_1_305' title='bbox 671 4297 755 4361; x_wconf 88' lang='lat' dir='ltr'>enim</span> <span class='ocrx_word' id='word_1_306' title='bbox 778 4307 908 4384; x_wconf 71' lang='lat' dir='ltr'>peripter·</span> <span class='ocrx_word' id='word_1_307' title='bbox 931 4319 1016 4361; x_wconf 86' lang='lat' dir='ltr'>anno</span> <span class='ocrx_word' id='word_1_308' title='bbox 1032 4295 1123 4361; x_wconf 87' lang='lat' dir='ltr'>ianua</span> <span class='ocrx_word' id='word_1_309' title='bbox 1137 4294 1284 4383; x_wconf 85' lang='lat' dir='ltr'>prohibiti</span> 
     </span>
     <span class='ocr_line' id='line_1_35' title="bbox 116 4401 1085 4491; baseline 0.003 -25"><span class='ocrx_word' id='word_1_310' title='bbox 116 4413 199 4482; x_wconf 76' lang='lat' dir='ltr'>suin,</span> <span class='ocrx_word' id='word_1_311' title='bbox 222 4402 278 4468; x_wconf 87' lang='lat' dir='ltr'>sod</span> <span class='ocrx_word' id='word_1_312' title='bbox 301 4405 374 4491; x_wconf 84' lang='lat' dir='ltr'>quia</span> <span class='ocrx_word' id='word_1_313' title='bbox 398 4401 513 4470; x_wconf 76' lang='lat' dir='ltr'>Cirrius</span> <span class='ocrx_word' id='word_1_314' title='bbox 536 4403 703 4471; x_wconf 84' lang='lat' dir='ltr'>eonsilium</span> <span class='ocrx_word' id='word_1_315' title='bbox 726 4425 834 4469; x_wconf 80' lang='lat' dir='ltr'>eoruur</span> <span class='ocrx_word' id='word_1_316' title='bbox 858 4403 1085 4469; x_wconf 78' lang='lat' dir='ltr'>etrrmtianerat.</span> 
     </span>
    </p>
   </div>
   <div class='ocr_carea' id='block_1_2' title="bbox 0 0 1685 5120">
    <p class='ocr_par' dir='ltr' id='par_1_3' title="bbox 0 0 1685 5120">
     <span class='ocr_line' id='line_1_36' title="bbox 0 0 1685 5120; baseline 0 0"><span class='ocrx_word' id='word_1_317' title='bbox 0 0 1685 5120; x_wconf 95' lang='lat' dir='ltr'> </span> 
     </span>
    </p>
   </div>
  </div>
 </body>
</html>
