3274 5032
130 613 213 684 Phil.
236 616 484 699 11115015.
507 617 844 703 sistuntur..)
887 618 982 699 Quod
1003 639 1046 689 ex
1068 623 1263 709 aequalibus
1279 621 1436 691 coniura-

130 721 230 787 tionis
253 721 350 787 illum
373 723 518 806 audisse,
541 721 724 790 uerisimile
745 728 806 790 551.

217 843 244 890 5.
268 826 321 906 53,
343 865 411 907 ,.,.
436 833 518 892 515.
542 827 597 891 54.
623 824 720 892 11155
751 845 813 892 555
845 827 1000 894 memoria
1032 828 1164 895 ridetur
1198 831 1436 917 composuisse.

132 927 225 1002 De”
203 951 256 1012 us,
279 950 353 1016 quae
376 928 452 1024 bis
463 929 629 1013 capitibus
664 930 883 1012 continentur,
919 929 984 996 iam
1018 949 1120 1019 supra
1153 932 1284 1016 (555155
1318 935 1434 1021 55.)

133 1036 1300 1104 (11515554

218 1135 348 1220 Nuntii,
370 1154 504 1253 quase.
527 1137 580 1200 55.
606 1134 749 1221 praebet,
774 1135 1008 1203 confirmantur
1022 1135 1170 1202 fontibus
1186 1082 1434 1222 posterioribus.

132 1238 338 1327 Supplicium
363 1238 450 1304 enim
473 1238 513 1304 de
535 1238 679 1324 quinque
702 1237 844 1324 55511515
866 1238 1041 1304 confestim
1064 1245 1141 1326 post
1163 1238 1324 1306 iudicium
1338 1247 1446 1308 sene-¹
1507 1281 1509 1286 ,

132 1348 185 1410 tus
208 1363 279 1410 5555
302 1346 482 1427 5555155,
516 1339 649 1406 0555155
673 1339 736 1407 Dio
759 1341 826 1424 (31,
849 1339 916 1412 sut
939 1346 972 1407 et
992 1338 1105 1408 Cicero
1127 1343 1202 1425 (pro
1225 1341 1317 1410 85115
1331 1348 1352 1422 h
1366 1342 1434 1430 33.)

133 1455 167 1513 51
187 1445 381 1513 Plutarchus
406 1443 456 1528 (in
482 1443 557 1509 Vita
579 1443 645 1510 015.
670 1463 699 1510 5.
722 1445 775 1509 22.
799 1443 1084 1520 15111511155551.
1129 1443 1279 1512 Eandem
1301 1464 1448 1514 causam·

133 1549 292 1634 supplicii
327 1547 453 1626 celeris,
489 1565 587 1632 quam
623 1545 811 1628 Sallustius,
841 1543 1034 1612 Plutarchus
1058 1544 1200 1630 (151111.
1224 1545 1343 1634 0155
1366 1548 1435 1637 22.)

133 1652 364 1738 5155515555
389 1650 444 1734 (cle
468 1650 544 1717 bell.
568 1650 631 1716 cir.
655 1645 696 1730 ll,
719 1649 765 1728 (1.)
789 1647 938 1715 51155551.
994 1647 1176 1734 Praesidia,
1213 1671 1287 1738 qua
1320 1652 1436 1720 consul

117 1737 304 1820 01555515
328 1752 409 1818 locis
434 1749 543 1817 lionme
567 1750 735 1817 nonnullis
767 1749 991 1830 collocaverat,
1028 1759 1285 1820 commemorant
1305 1760 1341 1820 51
1361 1755 1434 1848 1555

133 1854 245 1923 Cicero
269 1853 325 1940 (de
348 1873 442 1940 prov.
467 1875 556 1920 5555.
580 1854 600 1931 5·
626 1855 675 1919 12.
698 1857 730 1919 51
752 1852 897 1940 Philipp.
922 1851 962 1937 ll,
985 1852 1006 1932 1
1031 1853 1085 1939 ru)
1108 1869 1141 1922 51
1169 1856 1345 1944 Appianas
1380 1856 1436 1944 (de

135 1957 208 2025 bell.
230 1959 294 2024 civ.
319 1956 359 2038 ll,
381 1958 412 2022 5.
437 1955 549 2040 5515).
595 1955 798 2023 1151551511
822 1955 948 2022 1551115
970 1957 1107 2043 5155555
1131 1959 1304 2027 consulatu
1321 1959 1436 2028 uideas

134 2061 220 2128 Plut.
244 2061 295 2144 (15
320 2060 387 2128 111.
410 2059 477 2126 015.
502 2079 530 2126 a.
557 2055 623 2143 11.)
647 2063 680 2124 51
700 2056 791 2124 Cass.
825 2057 924 2125 Dion.
955 2057 1023 2144 (37,
1045 2057 1125 2144 30).
1180 2061 1231 2128 De
1265 2061 1346 2146 loco,
1379 2060 1437 2129 ubi

135 2164 337 2252 supplicium
360 2164 401 2231 de
423 2163 603 2230 coniuratis
626 2165 796 2244 sumptum
819 2165 879 2240 551,
902 2181 998 2229 5555
1028 2161 1115 2229 51155
1149 2164 1292 2250 scriptor
1325 2164 1436 2233 refert

136 2267 237 2347 Quem
258 2267 383 2334 155155
406 2265 438 2332 8.
462 2265 516 2332 515
540 2269 674 2332 5555155
696 2263 843 2360 51111151
876 2283 942 2331 555
978 2268 1099 2354 551551
1159 2263 1222 2335 Sed
1259 2268 1301 2335 de
1339 2267 1437 2337 huius

134 2370 234 2436 155115
258 2370 322 2437 lide
346 2368 566 2437 dubitandum
592 2387 659 2435 non
682 2371 743 2436 551.
1428 2397 1432 2404 ·

221 2472 299 2552 Quae
316 2474 351 2539 iu
367 2472 584 2558 sequentibus
597 2471 764 2559 capitibus
780 2469 812 2538 S.
831 2476 955 2554 narrat,
971 2492 992 2538 a
1007 2470 1099 2538 55115
1114 2472 1249 2559 quidem
1265 2473 1437 2562 scriptore,

136 2595 232 2662 quem
255 2597 272 2642 5
296 2575 456 2641 Sallustio
481 2594 547 2640 uon
565 2573 716 2640 transisse
733 2578 873 2656 constat,
896 2575 1143 2654 confirmantur,
1166 2576 1225 2644 sed
1240 2582 1353 2644 15555
1370 2597 1438 2646 555

135 2685 195 2760 551,
228 2699 287 2746 cur
329 2677 371 2742 de
407 2675 555 2742 Sallustii
591 2677 654 2743 lide
677 2675 868 2743 dubitemus
890 2680 1021 2763 praeter
1042 2677 1089 2760 id,
1111 2677 1199 2764 qaod
1222 2699 1250 2748 c.
1272 2680 1327 2764 59,
1350 2667 1439 2763 ..115

133 2780 168 2848 0.
192 2781 337 2848 Antonio
363 2779 490 2847 dictum
514 2787 575 2847 est.
620 2778 652 2846 8.
676 2779 766 2845 enim
791 2799 858 2847 555
880 2786 1128 2864 commemorat,
1160 2800 1226 2868 qua
1260 2782 1302 2850 de
1336 2803 1439 2851 causa

134 2885 299 2952 Antonius
323 2883 500 2972 imperium
523 2888 623 2968 atque
646 2883 831 2950 exercitum
855 2881 909 2949 die
932 2902 1053 2970 pugna
1089 2881 1132 2952 11.
1168 2883 1300 2953 Petreio
1332 2885 1439 2972 legato
1499 2927 1512 2938 -

135 2987 312 3054 tradiderit
333 3006 473 3072 eumque
513 2985 643 3053 consuli
681 2984 834 3053 Ciceroni
872 2990 907 3052 51
942 2983 1102 3053 11555515
1137 2986 1174 3056 15
1212 2989 1438 3072 suspicionem

135 3091 261 3156 senisse
285 3090 415 3175 (555155
436 3088 505 3156 015.
531 3108 592 3175 pro
615 3085 723 3154 Sestio
746 3087 766 3168 ξ
793 3091 842 3155 12.
865 3094 899 3155 51
920 3087 1010 3156 Cass.
1035 3088 1133 3156 Dion.
1157 3091 1211 3182 31,
1232 3090 1312 3177 311).
1357 3089 1437 3159 Ora·

133 3193 257 3259 tionem
280 3198 402 3272 autem,
425 3212 525 3280 quam
547 3191 579 3257 S.
603 3191 780 3258 Catilinam
797 3191 886 3278 apud
902 3191 1027 3259 milites
1043 3213 1121 3260 suos
1136 3194 1316 3261 facientem
1334 3194 1438 3280 115511,

134 3297 364 3364 5551155555
388 3295 544 3372 habitam,
569 3315 666 3362 nemo
689 3293 763 3377 erit,
785 3293 843 3380 qui
866 3295 1126 3363 55555555551.

218 3398 311 3478 Quod
334 3398 378 3466 ad
399 3385 499 3464 ¹tidem
516 3397 812 3484 auctoritatemque
830 3395 980 3464 Sallustii
996 3397 1153 3485 pertinet,
1170 3396 1434 3486 1555155515,

133 3522 204 3590 quae
227 3502 268 3569 de
291 3523 331 3568 55
354 3520 390 3568 ro
428 3499 587 3580 diximus,
622 3497 893 3586 complectamur,
926 3507 978 3566 551
1010 3497 1224 3569 1555551555.
1252 3499 1440 3590 Sallustius,

135 3606 321 3692 ubicunque
345 3625 365 3672 5
387 3602 545 3671 Cicerone
570 3605 737 3688 dissentit,
759 3601 912 3670 Ciceroni
935 3611 985 3671 est
1005 3604 1257 3692 postponendus
1274 3605 1311 3672 iu
1327 3607 1435 3674 omui-

134 3707 205 3791 bus,
228 3709 344 3796 paucis
368 3707 524 3794 except-is
549 3703 678 3797 [confer
701 3705 749 3787 id,
771 3706 861 3794 quod
882 3705 999 3773 Cicero
1022 3704 1267 3792 1501111115
1294 3711 1343 3775 10.
1367 3715 1438 3776 arta

133 3812 276 3898 quadum
299 3810 527 3898 sophistarum
551 3810 592 3877 de
608 3809 751 3877 Caesare
766 3809 877 3894 legem
892 3807 1123 3898 Semproniam
1139 3810 1333 3897 5555115515
1349 3811 1440 3881 dixit

135 3909 739 3998 510155551555555(15051.1,1
775 3915 826 3978 ll.
864 3911 929 3991 15.)
965 3911 1006 3978 de
1043 3911 1178 3979 insidiis
1211 3910 1276 3979 sibi
1310 3911 1439 3981 consuli

102 4060 107 4068 ·
135 4017 305 4102 designato
328 4013 976 4102 5051111551555511555558511551155
999 4014 1134 4082 silentio
1170 4009 1436 4106 praetermittitl.

135 4115 171 4184 15
194 4119 236 4184 115
257 4122 380 4200 55155,
403 4136 477 4203 555
500 4115 676 4184 8511551155
700 4116 835 4184 uberius
859 4135 957 4202 quam
981 4115 1097 4184 Cicero
1114 4117 1227 4198 refert,
1251 4135 1326 4182 555
1343 4119 1439 4206 55551

135 4239 199 4287 555
223 4231 408 4307 possumus,
433 4220 498 4286 nisi
523 4227 613 4287 certo
637 4219 771 4304 scimus,
794 4218 889 4286 illum
917 4239 960 4288 ex
995 4226 1131 4286 senatus
1167 4219 1252 4286 actis
1288 4219 1438 4289 hausisse

136 4323 186 4390 rel
210 4322 259 4390 illi
282 4341 348 4389 555
370 4321 485 4403 151555,
508 4343 567 4388 cur
604 4321 734 4409 aliquid
771 4321 905 4388 silentio
940 4322 1222 4410 praetermitteret
1254 4321 1309 4389 uel
1341 4321 1438 4390 illum

134 4427 267 4493 omuino
289 4445 332 4492 eu
354 4425 501 4493 fontibus
525 4426 625 4493 certis
646 4424 821 4492 materiam
845 4445 939 4492 suam
962 4426 1158 4513 sumpsisse.
1202 4422 1318 4512 Neque
1342 4423 1433 4491 enim

137 4529 321 4612 negandum
346 4534 408 4612 est,
445 4527 650 4610 Sallustium,
690 4533 728 4593 51
763 4546 867 4614 supra
904 4528 1149 4596 demonstrasse
1187 4525 1272 4594 mibi
1310 4525 1438 4613 uideor,

135 4624 379 4716 chronologiam
401 4630 499 4698 ualde
524 4629 712 4715 neglexisse
729 4635 764 4695 et
779 4628 946 4696 interdum
964 4629 1103 4722 1515515
1120 4629 1221 4697 rebus
1236 4627 1436 4710 enarrandis
1574 4613 1584 4641 ’Ν

1449 4943 1461 4962 ἱ
