3300 5128
299 830 394 906 ipsins
422 833 454 890 el
481 831 574 891 rerba
602 835 634 890 et
660 831 792 904 uestigia
817 835 1007 904 agnoverunt
1030 828 1088 888 riri
1114 828 1203 902 docti,
1231 845 1284 889 eos
1311 841 1427 903 semper

298 919 443 978 asterisco
462 917 503 990 (*)
523 918 684 991 designem.

370 1003 543 1079 Respondet
571 1009 670 1063 eutem
698 1003 845 1064 Sallustio
872 1003 983 1064 Iustlni
1022 1003 1150 1078 epitome
1180 1004 1281 1064 roruts
1309 1001 1428 1064 collutis

303 1093 397 1165 nisum
417 1092 594 1166 cuprinum
613 1091 728 1166 quidem

1091 1179 1249 1254 praetentio.

532 1264 606 1326 Sall
1126 1265 1204 1328 luet

303 1357 372 1418 Cet.
390 1357 416 1429 3,
439 1355 470 1416 2:
498 1355 622 1414 arduum
645 1355 765 1414 ridetur
787 1372 838 1414 res
891 1353 923 1414 2:
944 1372 994 1414 res
1012 1361 1118 1430 gestus
1137 1356 1337 1416 scribentibus
1356 1373 1430 1432 opus
1553 1381 1557 1386 ·

338 1451 442 1520 gestus
461 1444 601 1505 seribere.
929 1461 1014 1504 sunm
1038 1444 1127 1504 urdul
1151 1445 1264 1506 loboris
1282 1445 1430 1506 ridentur.

302 1534 370 1594 Cat
395 1534 438 1604 m.
462 1533 488 1594 3.
520 1532 587 1608 Ing.
611 1533 654 1606 ιι,
679 1533 721 1593 13.
743 1533 789 1607 to,
813 1533 837 1593 i.
892 1533 923 1592 l:
942 1550 998 1608 per
1016 1533 1116 1594 otium.

339 1640 394 1699 per
412 1623 511 1682 otium

302 1711 369 1772 Cet
388 1713 415 1782 4,
437 1711 469 1771 2:
497 1709 624 1786 estotim
648 1715 681 1770 ut
705 1727 839 1785 utraeque
894 1712 1065 1786 cognitione
1094 1728 1228 1786 quaeque
1256 1709 1431 1786 dignissime

341 1799 840 1874 memorinrligulridebunturper·
929 1801 1074 1875 excerpsi

324 1889 478 1949 cumbere.

306 1977 374 2052 ing.
405 1977 454 2052 85,
488 1977 536 2036 32:
577 1975 682 2052 Neque
718 1978 840 2038 litteras
894 1978 944 2051 qni
963 1977 1081 2037 Graece
1100 1978 1283 2039 didicissent

339 2067 474 2126 Graecus
493 2066 593 2126 didici.
1376 2115 1378 2118 .

306 2153 373 2215 Cat
396 2156 424 2226 ι,
448 2155 479 2214 i:
509 2171 566 2214 non
598 2154 655 2215 tun
685 2155 840 2216 consilinm
894 2155 927 2216 5:
947 2161 982 2216 ut
1000 2163 1032 2216 et
1050 2158 1104 2216 otii
1123 2157 1190 2230 mel,
1209 2157 1293 2218 culus
1311 2163 1343 2216 et
1356 2155 1434 2216 Cute

341 2243 477 2304 socordia
496 2252 586 2319 utque
604 2244 720 2305 desidia
732 2245 840 2305 bonum
932 2244 1113 2305 reddendum
1121 2252 1345 2322 coeremoniae,
1355 2244 1435 2321 apud

341 2334 433 2393 otium
452 2339 616 2394 conterere
932 2339 964 2393 te
982 2334 1062 2394 ratio
1081 2341 1244 2396 constaret.

305 2421 371 2497 lug.
399 2423 448 2496 88,
477 2424 504 2484 ιι
542 2429 698 2498 postquam
730 2423 843 2482 invidie
895 2423 927 2482 d:
946 2439 1012 2482 cnm
1031 2422 1146 2484 inridla
1164 2425 1336 2486 decennonii

343 2511 522 2573 decesserat.

305 2602 383 2667 unde
402 2605 434 2660 et
451 2599 598 2658 Iustinum
625 2599 721 2675 ipsuum
744 2599 825 2660 inter
843 2597 982 2659 Sallustii
1006 2600 1157 2661 studiosos
1175 2617 1264 2676 posse
1283 2599 1435 2662 numerari
1553 2620 1555 2626 ’

306 2691 376 2750 milui
397 2689 512 2764 quidem
531 2688 693 2749 verisimile
712 2688 841 2761 ridetur,
860 2704 918 2762 quo
937 2687 1031 2747 multo
1051 2687 1202 2749 diidcillns
1220 2687 1359 2749 redditur
1378 2690 1437 2750 dis·

307 2777 438 2851 quirillo,
457 2777 563 2851 qulbus
581 2776 655 2837 iocis
674 2792 692 2835 e
710 2773 857 2836 Sallustio
874 2775 1013 2836 hausisse
1032 2784 1193 2837 censentur
1211 2775 1340 2850 Trogus

1091 2899 1240 2976 ,LiberL

309 3003 377 3069 Cot
396 3005 422 3080 2
442 3008 472 3068 ιι
496 3005 582 3067 initio
600 3023 690 3081 reges
713 3005 794 3078 (narn
814 3007 844 3066 ln
898 3023 963 3082 cup.
982 3007 1008 3068 ι,

344 3097 437 3157 terris
450 3113 553 3156 neuneu
567 3096 663 3171 luperi
676 3095 707 3156 id
718 3096 843 3171 primurn
900 3099 929 3156 l:
948 3095 1102 3172 Prirrciplo
1120 3115 1220 3157 rerum
1238 3098 1374 3171 gentium
1386 3113 1439 3157 nu·

248 3224 254 3236 ι
344 3185 424 3258 ιιιι).
936 3186 1107 3261 tlounmque
1149 3187 1303 3262 imperinm
1348 3203 1440 3263 penes

309 3269 343 3334 Ο.
366 3273 393 3346 2,
416 3275 446 3334 li:
484 3274 629 3349 inperium
660 3291 777 3350 semper
808 3275 846 3335 ad
937 3291 1027 3348 reges
1046 3283 1124 3350 erut,
1147 3293 1221 3350 quos
1239 3293 1298 3335 nnn
1318 3275 1440 3338 umbltlo

344 3363 387 3421 ad
400 3371 549 3438 optumum
562 3379 704 3438 quemque
718 3380 737 3424 n
749 3363 846 3425 minus
937 3365 1102 3439 populans.
1126 3364 1180 3424 aed
1203 3371 1343 3440 speetnte
1361 3366 1441 3426 inter

345 3452 422 3511 bono
440 3450 632 3511 transfertur.
937 3455 1031 3512 bonos
1060 3454 1224 3514 moderatio
1246 3453 1441 3530 protensum„

310 3537 343 3600 Ο.
363 3539 390 3608 e.
413 3541 442 3600 i:
461 3539 684 3616 iusbonumque
703 3542 783 3618 apud
796 3558 847 3602 eos
901 3540 933 3602 2:
952 3541 1080 3617 populus
1104 3543 1195 3604 nullis
1217 3543 1336 3618 legibus
1359 3549 1442 3604 tene·

231 3659 236 3668 ·
348 3645 406 3688 non
424 3628 541 3702 legibus
565 3630 661 3706 mugls
685 3647 772 3706 quum
796 3648 848 3692 uo·
939 3632 1038 3692 betur.

347 3723 418 3778 tura
435 3715 565 3778 ualebat

311 3803 345 3866 0.
364 3807 433 3872 tut:
446 3806 629 3882 Aborigines
643 3807 708 3868 siue
720 3805 848 3883 legrlrun

313 3893 339 3954 1.
359 3895 441 3968 18,2;
461 3895 498 3955 Ei
509 3912 603 3972 neque
613 3897 744 3958 moribus
755 3913 850 3972 neque

347 3983 416 4060 lege
444 3991 498 4044 nul
533 3985 649 4061 inperio
677 3986 851 4062 cuiusquam

349 4073 541 4148 regebaumr.

313 4159 339 4222 L
358 4162 403 4236 ιι,
416 4163 447 4222 i:
466 4161 632 4225 Paucorum
642 4165 770 4225 arbitrio
779 4165 852 4225 belli
907 4167 1037 4228 urlritm'u
1058 4165 1225 4242 principum
1247 4184 1303 4243 pro
1326 4168 1445 4244 legibus

349 4249 483 4325 domique
502 4253 689 4327 ιειιιιιιιιιι.
941 4261 1039 4317 erunt.

314 4334 349 4400 Ο.
369 4339 396 4410 2,
420 4339 502 4402 1-22
530 4343 595 4402 ulta
621 4342 769 4404 homiuum
788 4343 852 4403 sine
906 4345 938 4406 ιι
969 4345 1062 4405 Fines
1092 4343 1224 4420 imperil¹
1240 4347 1319 4408 tueri
1349 4347 1447 4423 munis

350 4427 515 4504 eupiditate
528 4431 780 4508 retrebutorem
793 4431 852 4492 cul·
944 4449 1032 4509 quum
1049 4433 1171 4510 protere
1189 4450 1252 4498 nuos
1271 4441 1348 4498 erut

352 4533 409 4594 que
431 4517 507 4579 satis
533 4519 703 4595 placebant
739 4519 854 4583 Postea

350 4621 423 4668 uero
440 4637 476 4650 ·-
500 4605 662 4670 lubidinem
685 4609 856 4673 dominandi

354 4711 489 4760 cumeum
511 4697 584 4760 belli
607 4697 730 4776 hebere,
753 4715 854 4763 maxu-
