3308 5120
699 634 741 697 67

611 725 825 734 ιι--ᾠ--ηιι

134 827 261 893 Petreio
296 829 466 892 exereitum
499 827 694 914 pennisisse,
727 826 813 914 qrrod
845 826 980 914 pedibus
1009 850 1104 914 aeger
1134 842 1233 911 esset-3
1262 833 1306 896 ita

137 937 332 1022 iutemretari
350 933 428 1000 haee
444 933 541 999 verba
563 933 646 1016 lieet,
669 932 726 1000 sed
749 956 820 998 eum
836 933 902 998 Dio
917 932 1012 1015 dieat,
1035 937 1209 1002 Antonium
1225 961 1307 1003 mor·

134 1041 210 1107 bum
232 1041 438 1121 simulavisse,
462 1063 500 1105 ne
516 1039 656 1107 sodalem
672 1062 763 1106 suum
780 1038 912 1127 pendere
928 1049 1056 1106 coaetus
1078 1051 1174 1124 esset,
1195 1044 1306 1110 melius

135 1148 387 1236 interpretamur,
422 1147 606 1227 Antonium,
638 1141 793 1233 ‘pedibus
827 1168 995 1231 ecyrum
1004 1199 1013 1229 ,
1048 1149 1156 1232 quod
1182 1151 1306 1237 proelio

136 1255 245 1320 adesse
277 1249 452 1340 neqrriret',
484 1253 611 1319 Petreio
644 1253 818 1340 imperium·
844 1251 1054 1318 rrraudauisse.
1099 1253 1190 1320 Haeo
1212 1256 1307 1322 inter-

54 1385 57 1392 ·
135 1362 270 1448 pretatio
293 1361 420 1448 iugenio
435 1361 575 1425 Antonii
598 1360 763 1448 aptissima
784 1368 844 1425 est

243 1469 295 1533 60.
340 1466 438 1533 Aliud
462 1467 590 1548 facturn,
618 1465 705 1554 quod
736 1467 814 1532 satis
844 1467 1022 1553 significans
1052 1475 1111 1548 est,
1141 1467 1307 1535 Sallustius

136 1574 262 1640 silentio
285 1575 448 1662 praeterit;
470 1574 535 1640 Dio
555 1583 660 1639 autem
684 1583 791 1638 narrat
806 1574 982 1638 Antonium
1004 1573 1126 1660 proelio
1141 1575 1308 1642 commisso

136 1692 230 1769 eaput
254 1680 408 1748 Catilinae
431 1681 564 1746 Romam
596 1682 730 1760 misisse,
760 1702 862 1766 ueque
896 1680 1093 1766 inrueratoris
1123 1703 1237 1748 nomen
1260 1705 1308 1748 re·

136 1787 319 1876 pudiuvisse
341 1791 405 1871 (37,
428 1792 471 1854 39
494 1797 527 1853 et
549 1791 613 1872 40).
659 1786 829 1853 Sallustius
853 1796 941 1852 totus
964 1788 996 1851 in
1021 1786 1220 1875 expediendo
1242 1811 1308 1856 oer-

136 1897 252 1960 tamine
276 1905 419 1960 versatus
435 1895 584 1960 uouuulla
599 1895 716 1975 omisit,
738 1917 819 1981 quae
841 1892 1055 1958 memorabilia
1069 1904 1161 1977 suut3
1183 1903 1308 1985 ternpus

137 2025 259 2088 prrguae
282 2001 346 2066 Dio
370 2001 461 2068 nobis
484 2001 615 2083 nuntiat,
638 2023 778 2067 mensem
800 1999 985 2066 Januarium
1009 2002 1081 2066 anni
1107 2003 1243 2090 692,'62.

243 2109 282 2174 Iu
303 2109 363 2175 fine
378 2109 449 2174 libri
466 2111 513 2174 sui
531 2107 700 2174 Sallustius
716 2108 816 2194 magis
832 2116 926 2195 poeta
947 2130 1041 2194 quam
1058 2130 1161 2173 renum
1177 2110 1311 2199 scriptor

137 2214 276 2282 ridetur:
311 2216 548 2303 pulcherrimam
578 2214 801 2296 laudationem,
831 2223 868 2278 ut
889 2216 933 2280 ita
962 2212 1115 2295 dieamus,
1145 2215 1310 2283 funebrem

137 2345 299 2389 caesorum
331 2324 561 2388 coniuratorum
593 2321 783 2402 elalmrauit3
822 2322 966 2386 Laetitia
973 2374 982 2404 ,
1019 2345 1166 2406 rrruernr,
1203 2325 1311 2391 laetus

137 2437 235 2516 atquae
254 2431 379 2515 noradin
403 2430 559 2495 exereitus
576 2437 748 2495 ureruorata
767 2439 850 2494 srrnt.
885 2427 932 2493 Ea
949 2438 1063 2510 audem,
1085 2430 1214 2515 quaein
1233 2430 1311 2496 urbe

137 2537 383 2602 coniurationem
406 2545 514 2602 secuta
541 2545 624 2617 suut,
656 2533 771 2601 indicia
795 2534 924 2600 sordida
955 2545 988 2601 et
1020 2558 1134 2602 causae
1164 2536 1311 2620 foetidae,

137 2644 262 2710 silentio
285 2643 454 2732 praeterita
468 2652 550 2709 sunt.
582 2643 696 2730 Neque
720 2653 872 2724 narratur,
894 2641 1054 2729 quomodo
1076 2644 1174 2709 ceteri
1196 2644 1312 2710 tumul·

137 2761 190 2816 tus
218 2752 248 2816 in
280 2759 346 2816 tota
377 2749 469 2816 Italia
496 2752 640 2838 oppressi
670 2750 743 2816 sint.
795 2749 889 2828 Quae
919 2750 1042 2816 etiamsi
1070 2751 1175 2816 minus
1202 2751 1312 2838 gravia

138 2858 210 2939 siut,
246 2861 277 2923 in
307 2859 530 2924 commentario
564 2857 723 2946 completo
754 2854 958 2922 memoranda
986 2866 1084 2922 erant.
1139 2856 1242 2924 Nobis
1274 2881 1312 2924 ea

138 2964 309 3031 omittenda
334 2973 416 3046 suut,
438 2987 508 3030 euru
532 2988 594 3030 uon
619 2963 783 3030 historiam
807 2963 963 3030 Catilinae
986 2965 1133 3047 seribere,
1164 2964 1220 3032 sed
1243 2963 1312 3032 Sal·

137 3071 223 3136 lustii
247 3072 359 3138 librum
382 3070 554 3137 diirulieare
577 3073 610 3136 in
634 3071 740 3136 auium
762 3070 943 3136 habeamus.
1016 3095 1037 3164 Ἰ

245 3179 366 3260 Restat,
398 3187 434 3244 ut
463 3181 493 3244 in
524 3179 584 3243 line
615 3179 809 3266 quaestionis
840 3177 1022 3264 singillatim
1051 3177 1178 3244 habitae
1207 3178 1312 3246 denuo

139 3307 331 3381 moneamus,
365 3284 505 3352 Sallustii
528 3287 741 3351 namationem
765 3287 796 3350 in
821 3283 1052 3373 progrediendo
1075 3287 1176 3372 magis
1198 3287 1313 3374 magis·

139 3415 199 3478 que
223 3392 414 3480 pmbabileru
438 3395 522 3474 lieri3
545 3392 644 3458 rarius
660 3415 678 3458 a
695 3393 809 3458 ceteris
832 3391 1013 3458 arretoribus
1036 3389 1194 3474 dissentit,
1216 3394 1312 3459 inter-

139 3498 214 3564 dum
245 3498 306 3565 illis
336 3499 574 3588 anteponendus
598 3511 656 3581 est,
688 3499 742 3565 ubi
772 3499 893 3588 primus
924 3498 975 3564 ille
999 3521 1087 3564 error
1113 3499 1239 3566 turbare
1261 3521 1312 3566 nee

141 3630 202 3672 uon
236 3608 346 3694 potuit.
403 3606 629 3694 Neglegeutiae
661 3605 830 3672 nonnullae
860 3607 892 3672 iu
924 3589 1022 3687 libre,
1053 3628 1147 3693 quem
1179 3607 1313 3695 primum
1405 3610 1407 3613 ’

140 3721 249 3778 auetor
271 3713 379 3794 edidit,
401 3701 563 3780 offendere
587 3735 650 3779 nou
673 3722 817 3801 possunt.
841 3751 883 3763 -
908 3753 949 3763 -
1225 3715 1248 3806 J

247 3819 281 3885 Si
305 3821 366 3884 iam
389 3821 617 3908 interrogamus
632 3820 830 3907 generaliter,
852 3842 932 3908 quae
956 3821 999 3885 sit
1013 3818 1092 3886 lides
1108 3820 1207 3886 totius
1228 3841 1314 3886 eom-

140 3928 294 4006 meutarii,
315 3947 395 4012 quae
419 3929 498 3992 ratio
522 3928 694 4014 scriptoris,
724 3926 878 4014 irupriuris
901 3925 1103 3993 statuendum
1126 3934 1186 4008 est,
1212 3925 1315 3994 Sallu·

141 4034 235 4097 stium
261 4030 410 4119 -quod
438 4033 470 4098 in
504 4035 572 4100 viro
595 4033 741 4100 &ruane
773 4035 977 4121 graurmatiea
1007 4043 1041 4098 et
1070 4033 1225 4099 rhetorica
1247 4042 1314 4099 erte

142 4139 293 4204 instareto
326 4162 387 4205 nou
419 4141 533 4206 mirum
565 4150 616 4206 est
647 4179 687 4191 --
718 4163 737 4205 a
767 4140 902 4206 veritate
935 4140 1062 4228 saepius
1094 4138 1315 4224 declinavisse,

141 4267 213 4310 oum
232 4246 324 4311 nimis
347 4247 569 4313 convenienter
584 4257 616 4312 ot
632 4257 863 4336 cousequenter
884 4247 1021 4315 seribere
1044 4244 1195 4314 studeret,
1232 4245 1315 4313 Cum

142 4375 192 4416 res
216 4352 301 4440 ipsae
326 4352 444 4417 nullum
461 4364 610 4442 puuctum
635 4354 830 4440 praeberent,
847 4353 930 4421 urule
947 4355 1038 4420 onice
1055 4355 1161 4418 omnia
1176 4351 1314 4440 intellegi

143 4469 174 4523 ot
190 4458 378 4526 considerari
403 4471 543 4548 luissent,
565 4460 720 4526 eiusmodi
745 4461 933 4552 principium
957 4485 973 4526 a
999 4463 1152 4550 soriptore
1175 4462 1246 4550 ipso
1268 4462 1317 4531 iu·

1099 4587 1130 4640 ὃ·
