3308 5120
688 605 731 668 aa

125 803 259 870 rieusem
287 800 421 888 fugerit,
449 821 521 864 euru
545 799 598 864 via
620 821 734 885 ruugna
755 807 884 886 pateret.
929 797 994 864 Sed
1016 800 1066 865 bis
1089 801 1120 864 in
1146 799 1207 865 hoe
1233 822 1296 866 erno
1332 799 1336 802 ’

125 911 257 989 ornnem
280 930 381 995 neque
404 907 487 972 euim
503 904 648 971 Faesulis
670 905 832 993 profectus
854 915 905 971 est
919 905 1066 987 Catilina,
1087 904 1146 972 sed
1168 907 1300 995 propius

125 1017 170 1081 ad
193 1015 306 1080 arrham
329 1020 437 1080 (nstra
463 1019 607 1078 errauerat
630 1013 694 1094 (36,
705 1017 751 1094 4),
780 1020 814 1076 ut
837 1014 940 1077 simios
964 1011 996 1077 in
1020 1013 1097 1078 urbe
1120 1011 1300 1095 adiuvaret,

68 1120 73 1128 ’
126 1131 199 1210 post
237 1121 346 1186 Nonas
385 1119 580 1185 Decembres
618 1120 864 1207 septentrionem
902 1141 1013 1184 aversus
1051 1117 1191 1205 effregero
1236 1141 1299 1185 non

126 1229 245 1316 puniit,
272 1228 332 1292 nisi
354 1248 415 1314 por
438 1227 601 1307 tramites,
625 1248 697 1291 enm
721 1227 789 1290 vias
813 1225 962 1292 militares
986 1227 1147 1291 Antonius
1169 1233 1301 1292 teneret

126 1334 253 1400 Deinde
276 1356 339 1399 uon
360 1327 531 1398 ‘orientem
556 1328 681 1398 varsus‘
707 1330 844 1398 Catilina
866 1330 1001 1397 evadere
1024 1332 1188 1420 cupiebam
1215 1331 1305 1420 quod¹

127 1445 153 1508 si
179 1441 342 1521 uoluisset,
365 1439 507 1526 ineptum
530 1439 646 1504 fuisset
660 1437 804 1504 Faesulis
820 1439 998 1518 Platorium,
1019 1440 1040 1503 i.
1055 1461 1083 1504 e.
1106 1436 1302 1504 ooeidentem

127 1570 240 1615 versus
263 1547 439 1635 proticisci·
465 1545 580 1632 Hagen
596 1545 664 1611 sine
680 1567 775 1610 earrsa
791 1547 911 1625 stamit,
933 1568 1003 1611 eum
1020 1547 1174 1610 orientem
1191 1567 1302 1612 versus

129 1656 244 1720 itumm
261 1654 368 1734 fuisse,
383 1653 458 1740 quia
471 1647 613 1718 ‘Metelli
630 1647 917 1718 exereitus'minor‘
935 1652 1039 1733 fuerit,
1054 1675 1149 1739 quam
1161 1653 1303 1718 Antonii.

128 1761 354 1826 Libentissime
376 1771 482 1825 autom
499 1757 637 1825 Catilina
660 1759 692 1825 in
708 1758 870 1846 Ligmiam
890 1759 1098 1846 pervenisset,
1120 1758 1175 1824 ubi
1191 1757 1305 1825 adeer-

129 1869 231 1934 san'us
255 1867 359 1932 nullus
383 1876 449 1933 erat
473 1864 721 1954 exspectandum
745 1874 907 1952 pinoteren
928 1864 1059 1931 dubium
1082 1875 1146 1946 est,
1169 1888 1209 1930 an
1234 1865 1306 1932 Me·

129 1974 224 2040 tellus
248 1974 360 2039 minori
378 1973 529 2038 exereitui
545 1972 725 2060 praefuerit
764 1971 877 2060 Hagen
894 1971 1031 2038 Dionem
1046 1975 1111 2054 (37,
1122 1976 1176 2057 39)
1191 1981 1305 2038 testem

130 2083 257 2162 exeitat,
279 2079 336 2147 sed
352 2068 420 2170 eius
436 2079 543 2161 verba,
566 2081 742 2145 Antonium
758 2079 894 2167 δύναμιν
909 2080 1015 2148 πλείω
1030 2081 1308 2174 περιβεβλημένον

130 2189 245 2269 fuisse,
279 2187 356 2253 nihil
386 2185 619 2267 domorrstrant3
653 2185 805 2253 vertenda
836 2187 919 2252 enim
949 2195 1036 2252 aunt:
1069 2187 1130 2274 qui
1147 2193 1307 2274 potestate

133 2297 256 2360 rumare
281 2296 455 2382 praeditus
483 2299 563 2359 arat.
611 2289 763 2360 Metellus
792 2293 872 2359 duas
895 2291 1035 2360 Gallicas
1057 2292 1199 2382 legiones
1222 2316 1308 2360 reee-

131 2412 231 2491 porat,
253 2401 367 2490 quibus
390 2401 515 2467 tertiam
539 2401 607 2489 ipse
631 2398 812 2480 addideram
835 2409 883 2467 tot
904 2409 1010 2466 aretem
1033 2399 1178 2467 homines
1195 2400 1308 2488 viginti

132 2508 246 2574 (liebus
268 2508 427 2574 Antonius
451 2530 564 2596 eogere
588 2530 652 2573 non
674 2509 786 2596 potuit
831 2507 1000 2574 Praeterea
1022 2530 1061 2574 ne
1085 2517 1153 2573 tum
1176 2505 1308 2595 quidem

131 2626 239 2703 patros
270 2616 413 2680 Antonio
448 2613 540 2680 valde
575 2613 730 2695 lidebant;
762 2613 868 2702 itaque
901 2615 1070 2681 verisimile
1100 2623 1164 2696 est,
1199 2615 1229 2680 ei
1261 2623 1310 2681 tot

132 2732 255 2788 tantum
286 2721 429 2788 homines
464 2720 556 2788 datos
588 2743 673 2803 esse,
711 2730 745 2786 ut
777 2721 929 2788 Metellus
962 2722 1108 2810 superior
1144 2720 1309 2789 discedere

133 2839 256 2918 posset,
287 2830 410 2896 etiamsi
434 2829 595 2895 Antonius
622 2851 693 2894 eum
717 2827 854 2895 Catilina
883 2851 917 2895 se
940 2829 1154 2916 coniungeret
1200 2830 1310 2916 Atque

134 2959 240 3024 pugna
264 2939 333 3024 ipsa
355 2935 546 3002 documento
569 2945 632 3017 est,
655 2934 824 3002 Catilinam
846 2957 918 3000 oum
942 2935 1098 3018 Antonio,
1120 2958 1216 3023 quam
1238 2957 1310 3001 eum

135 3043 269 3109 Metello
296 3064 435 3130 pugnare
465 3043 623 3109 maluisse.
668 3041 733 3109 Hie
757 3041 917 3109 eeleritate
940 3065 997 3109 sua
1019 3041 1197 3131 prohibuit,
1231 3064 1311 3130 quo-

135 3151 238 3216 minus
268 3148 464 3215 oeoidentem
500 3171 611 3216 versus
644 3149 782 3216 Catilina
814 3148 981 3231 evaderet3
1019 3159 1168 3238 supemto
1203 3159 1311 3216 monto

135 3256 306 3344 Apennino
334 3277 353 3321 e
380 3253 493 3322 dextra
521 3279 614 3322 runnu
643 3256 811 3323 Catilinam
840 3254 955 3322 adoriri
978 3258 1096 3345 potuit,
1126 3257 1234 3346 itaque
1256 3257 1309 3323 hie

135 3371 219 3428 retro
242 3359 337 3427 oessit
361 3371 395 3429 et
410 3363 584 3429 Antonium
608 3373 851 3450 aggressusest.
890 3363 1068 3446 Mommsen
1085 3373 1185 3452 putat,
1208 3365 1312 3430 Anto-

136 3469 223 3534 nium
255 3469 389 3558 petitum
421 3493 507 3552 esse,
538 3469 611 3556 quia
641 3471 771 3559 propior
799 3479 900 3551 osset,
931 3492 1033 3558 neque
1063 3493 1140 3536 vero
1168 3471 1237 3538 oius
1265 3471 1311 3538 rei

136 3574 324 3642 documenta
362 3576 524 3643 habemus.
584 3576 659 3644 Hae
698 3578 828 3658 smarrm,
866 3599 938 3643 eum
975 3577 1097 3642 facilius
1136 3577 1313 3666 impugnari

137 3682 301 3769 potuisse,·
322 3706 395 3750 eum
418 3671 555 3751 ¹nurnero
586 3685 717 3750 inferior
746 3693 831 3750 esset
859 3693 893 3750 et
915 3685 1051 3773 impetus
1074 3682 1222 3750 deersmn
1246 3685 1313 3752 fleri

137 3800 262 3876 presset5
284 3800 447 3878 praeterea
463 3792 605 3858 Antonio
630 3793 715 3858 vieto
738 3793 799 3857 iter
820 3793 851 3856 iu
876 3791 985 3858 ruham
1000 3789 1138 3879 patebat
1155 3831 1198 3842 -
1214 3791 1314 3870 Quod

137 3895 177 3960 ml
198 3895 421 3984 geographiam
437 3897 535 3984 igitur
549 3899 671 3981 attinet,
691 3897 830 3965 Sallustii
848 3900 984 3964 narratio
1000 3899 1127 3964 minime
1142 3896 1241 3964 dubia
1255 3909 1314 3966 est

247 4005 297 4069 58.
343 4001 482 4069 Catilina
509 4027 580 4070 erim
609 4004 748 4092 undique
778 4004 902 4071 clausus
935 4014 1033 4087 esset,
1070 4027 1141 4070 eum
1170 4006 1314 4072 Antonio

138 4108 308 4196 confligere
332 4111 504 4176 constitnit.
543 4101 711 4178 Sallustius
732 4111 839 4193 refert,
862 4135 933 4178 eum
949 4122 1023 4178 anto
1038 4133 1176 4200 pugnam
1191 4114 1315 4180 animos

139 4237 269 4280 arronem
291 4216 433 4284 oratione
462 4219 615 4300 erexisse,
646 4217 731 4306 quod
760 4242 818 4307 per
839 4241 874 4284 sa
897 4218 1066 4285 verisimile
1088 4227 1147 4285 est
1192 4219 1316 4286 Tamen

74 4401 76 4407 ι
139 4319 329 4388 intonandum
353 4331 412 4401 est,
434 4347 503 4390 enm
521 4327 706 4407 emtionem,
727 4348 808 4413 qnae
832 4326 864 4390 in
888 4325 967 4391 lilun
990 4335 1098 4392 nostre
1121 4327 1242 4415 scripta
1256 4337 1316 4411 est,

138 4449 155 4492 a
173 4427 324 4494 Sallustio
347 4431 508 4497 inventam
528 4441 561 4499 et
576 4441 759 4521 eunoeptam
776 4455 855 4499 osso.
886 4431 984 4512 Qum
1000 4431 1178 4500 eondieioni
1194 4435 1315 4522 optime

1098 4563 1115 4615 ir
