3308 5120
314 705 366 772 illo
388 727 521 794 poenam
545 703 707 771 subiturus
730 709 828 782 esset,
851 701 1028 782 Sallustius,
1058 702 1113 788 qui
1137 710 1203 767 tuur
1227 699 1390 767 tribunatu
1413 701 1485 768 tuu-

312 811 458 899 gebatur,
491 810 677 877 Ciceronem
711 831 837 896 quoque
870 808 901 874 in
934 808 1076 874 omnibus
1110 807 1317 874 concionibus
1347 807 1487 896 graviter

314 917 495 984 criminatus
533 925 601 998 cst;
638 939 769 1004 quarum
807 915 1066 980 machinationum
1107 915 1220 982 Cicero
1259 913 1292 980 in
1332 915 1486 996 oratione,

314 1047 406 1113 quam
442 1025 591 1112 scriptam
626 1022 740 1104 edidit,
774 1021 978 1108 contemptim
1001 1024 1203 1106 ‚mentionem
1236 1021 1326 1103 facit,
1364 1022 1485 1088 etiarnsi

314 1130 455 1198 Sallustii
485 1123 600 1196 nomen
631 1152 785 1217 nusquam
815 1131 965 1194 nominet.
1004 1129 1099 1208 Quae
1131 1128 1296 1218 despectio
1329 1127 1486 1196 hominem

314 1236 561 1326 superbientem,
589 1236 713 1324 qualem
736 1234 919 1302 Sallustium
943 1235 974 1300 iu
993 1234 1126 1302 exordio
1149 1234 1221 1301 libri
1246 1233 1398 1317 vidimus,
1424 1259 1487 1300 aon

313 1344 428 1411 leviter
449 1343 549 1410 laesit.
596 1343 668 1408 Nun
691 1343 806 1430 liquet,
829 1351 933 1408 utnmr
956 1341 1010 1407 luc
1033 1343 1075 1408 dc
1098 1365 1195 1409 causa
1216 1341 1413 1424 Terentiam,
1440 1363 1489 1408 m·

314 1450 475 1540 palliatam
499 1449 662 1517 Ciceronis
685 1450 865 1536 coniugem,
897 1449 930 1514 in
953 1450 1182 1516 urrtrinroniunr
1205 1448 1347 1532 duxerit,
1377 1471 1487 1532 uccrre;
1534 1497 1541 1512 .

314 1557 464 1624 Terentia
487 1580 559 1624 cunr
582 1565 685 1624 aetate
701 1555 871 1623 admodum
887 1557 1061 1644 superabat,
1084 1566 1121 1621 ut
1136 1555 1338 1624 subsecivum
1354 1556 1488 1645 aliquam

315 1665 536 1754 cogitationem
564 1663 622 1730 bas
649 1666 776 1752 nuptias
803 1663 916 1730 fecisse
939 1673 1094 1751 appareat.
1140 1661 1223 1730 Utut
1248 1685 1300 1730 res
1323 1685 1359 1730 sc
1382 1661 1490 1746 babet,

316 1771 454 1839 dubitari
484 1794 546 1837 non
577 1779 696 1860 potest,
729 1771 803 1858 quin
834 1769 913 1836 baec
942 1771 1049 1837 mulier
1072 1770 1184 1836 dolosa
1206 1779 1240 1836 ct
1263 1769 1399 1858 maligna
1422 1771 1489 1836 eius

317 1879 424 1946 odium
448 1879 541 1944 ctiam
565 1879 695 1945 auxerit
741 1877 861 1944 Perse
884 1877 997 1942 clanrm
1025 1887 1090 1960 est,
1123 1875 1309 1945 Sallustium
1333 1899 1490 1964 nunquam

317 1995 425 2075 aperte
448 1983 629 2070 ostendere,
658 2007 751 2072 quam
779 1983 956 2071 suspicioso
979 2009 997 2048 e
1024 1984 1114 2051 fonte
1137 1984 1275 2066 hauriat,
1304 2007 1376 2068 cunr
1398 2005 1435 2050 ea
1458 2005 1491 2050 re

318 2091 505 2160 uenationis
528 2115 604 2159 suae
627 2091 723 2158 tidem
746 2091 813 2180 ipsc
832 2090 1042 2172 diminutas-ee
1066 2089 1229 2158 callidiore
1248 2093 1371 2166 rationo
1386 2091 1491 2157 utitur.

317 2201 483 2266 Drumann
515 2198 739 2266 documentum
771 2199 910 2265 iustitiae
943 2222 1007 2264 esec
1040 2198 1173 2280 iudicat,
1200 2195 1303 2286 ‘quod
1334 2198 1492 2265 consulem

318 2331 382 2374 non
414 2299 599 2396 vituperat‘3
630 2329 740 2373 verum
772 2305 834 2372 lroc
865 2308 963 2390 ost,*)
992 2305 1063 2390 sed*
1083 2307 1110 2371 si
1144 2305 1333 2372 Ciceronem
1365 2303 1493 2372 laudare

319 2413 460 2496 nolebat,
489 2414 648 2481 neminum
671 2413 767 2480 alium
789 2411 918 2479 laudare
941 2411 1082 2479 debebat.
1128 2412 1242 2500 Neque
1265 2421 1385 2494 cetera,
1413 2434 1493 2502 quac

318 2522 483 2590 Drumarm
506 2521 609 2604 affert,
631 2520 745 2588 idonea
767 2531 855 2602 suut;
877 2520 1093 2600 concedamus,
1116 2519 1302 2586 Sallustium
1326 2521 1494 2608 praeterire

320 2653 382 2695 nou
405 2610 570 2718 potuisse,⁴
580 2627 765 2695 Ciceronem
788 2651 907 2693 novum
929 2626 1084 2693 bominem
1108 2627 1215 2692 luisse.
1261 2625 1328 2693 Sed
1344 2649 1415 2693 eum
1430 2649 1495 2693 mc-

320 2743 430 2818 moret,
452 2735 648 2802 nobilitatem
671 2745 764 2801 antea
786 2733 1000 2822 impedivisse,
1027 2734 1197 2822 quominus
1220 2733 1274 2800 alii
1297 2733 1494 2800 consulatum

320 2840 582 2932 adipiscerentur,
614 2842 731 2908 iustum
763 2850 832 2908 erat
862 2841 980 2922 dicere,
1007 2841 1196 2908 Ciceronem
1224 2851 1357 2930 propter
1383 2843 1492 2908 merito

209 2997 211 3000 -
321 2949 478 3024 nobilibus
505 2949 766 3039 competitoribus
794 2951 1000 3036 antepositam
1031 2971 1112 3014 esse.
1143 2989 1185 2999 —
1216 2949 1300 3016 Item
1329 2947 1493 3014 Drumaun

321 3056 412 3140 dicit,
435 3055 619 3124 Sallustium
642 3055 788 3123 Ciceroni
811 3079 874 3122 rron
898 3055 1063 3144 opprobrio
1092 3054 1182 3138 dare,
1205 3055 1293 3144 quod
1315 3057 1494 3122 coniuratos

322 3173 433 3230 contra
453 3164 539 3250 leges
563 3163 764 3230 interfecerit
809 3163 1016 3251 vituperatur
1039 3177 1144 3230 autem
1164 3163 1280 3232 Cicero
1299 3163 1332 3230 iu
1354 3165 1495 3230 oratione

323 3269 484 3351 caesar-ie
506 3294 600 3358 quarn
621 3294 692 3337 cum
714 3293 820 3337 veram
836 3281 869 3336 et
884 3270 1091 3336 authenticam
1109 3271 1274 3337 llruruaou
1291 3279 1430 3353 censeat,
1444 3270 1495 3336 illa

324 3378 431 3467 opinio
460 3375 598 3444 absurda
627 3390 684 3444 est.
744 3376 809 3445 Sed
844 3379 945 3446 oratio
975 3403 993 3442 a
1025 3379 1176 3445 Sallustio
1212 3378 1312 3446 libere
1347 3387 1499 3466 concepta

432 3558 456 3626 ‘l
480 3555 707 3628 llesporrdeaurus
731 3555 897 3612 llnurrarmu
920 3559 1123 3628 conparatione
1147 3559 1248 3615 uostris
1270 3575 1305 3613 err
1330 3556 1499 3629 temporibus

325 3645 426 3718 petitm
455 3645 477 3700 si
502 3646 565 3718 quis
589 3663 679 3701 renuo
698 3647 816 3719 ariptnr
834 3647 861 3701 iu
882 3647 992 3702 Iri-uuir
1018 3647 1100 3716 belli,
1127 3648 1202 3721 quml
1231 3665 1307 3704 urmo
1336 3649 1404 3704 1815»
1423 3663 1449 3719 p.
1468 3647 1499 3702 C.

325 3727 508 3806 gestamen,
528 3733 656 3790 llluebrri
676 3735 808 3808 principis
828 3747 869 3788 rer
887 3743 1013 3808 quatum
1033 3738 1203 3793 ruerrtioueru
1224 3739 1292 3794 tacit
1315 3747 1357 3804 et,
1381 3752 1430 3808 prr
1451 3753 1501 3791 une

327 3824 404 3892 licet,
422 3823 506 3880 semel
524 3841 589 3880 euur
605 3825 764 3896 'optumum
784 3825 989 3880 rrrarraebaluur'
1008 3827 1134 3881 rrmuinat
1154 3837 1196 3895 et,
1216 3839 1245 3882 ιιι
1267 3825 1409 3900 triurrrplro
1427 3824 1501 3881 Cim·

328 3914 402 3968 ranis
422 3921 484 3985 post
503 3913 723 3970 interfectionem
743 3916 949 3970 eurriuratonun
969 3914 1070 3986 aliquid
1090 3915 1270 3988 respondeat,
1295 3923 1357 3988 pon
1383 3931 1501 3987 pugnam

328 4001 402 4074 upud
423 4001 566 4059 ll’aterloo
584 4003 758 4058 commissam
778 4005 874 4072 refert,
897 4017 997 4076 quanto
1020 4022 1115 4060 aurore
1138 4006 1242 4061 rmum
1265 4022 1330 4060 eum
1349 4004 1503 4070 dilexerint,

253 4133 256 4140 .
328 4108 394 4146 ιιιιιιι
414 4091 476 4163 quis
494 4089 568 4148 hane
595 4093 780 4148 narrationem
806 4093 912 4166 integre
935 4103 960 4148 ct
981 4111 1043 4148 rere
1066 4095 1249 4166 rourprsitanr
1273 4112 1333 4150 esse
1356 4093 1503 4150 retrudet?

328 4181 461 4236 dttuurea
480 4181 622 4237 eucrocia
641 4181 769 4237 meritum
789 4181 817 4237 iu
844 4183 1028 4238 rauiurar'srne
1055 4182 1204 4254 retegendo
1228 4183 1319 4239 naim
1341 4193 1396 4250 rar,
1421 4201 1504 4256 ιιιιιιιιι

330 4267 458 4324 Illucberi
479 4269 506 4324 iu
524 4269 653 4325 lrusrilurr
671 4272 875 4344 permanendis.
912 4271 1003 4328 (lucu
1022 4273 1097 4328 cuim
1117 4271 1192 4326 arua
1211 4274 1305 4328 onmia
1318 4277 1374 4329 tea·
1383 4273 1506 4346 pertrait,

328 4360 403 4417 lurae
422 4357 472 4416 riri
491 4363 594 4436 egregii
613 4359 786 4419 adiuverunt.
