<?xml version="1.0" encoding="UTF-8"?>
<!DOCTYPE html PUBLIC "-//W3C//DTD XHTML 1.0 Transitional//EN"
    "http://www.w3.org/TR/xhtml1/DTD/xhtml1-transitional.dtd">
<html xmlns="http://www.w3.org/1999/xhtml" xml:lang="en" lang="en">
 <head>
  <title>
</title>
<meta http-equiv="Content-Type" content="text/html;charset=utf-8" />
  <meta name='ocr-system' content='tesseract 3.04.00' />
  <meta name='ocr-capabilities' content='ocr_page ocr_carea ocr_par ocr_line ocrx_word'/>
</head>
<body>
  <div class='ocr_page' id='page_1' title='image "./deconiurationec00bessgoog/deconiurationec00bessgoog_0188.png"; bbox 0 0 3308 5120; ppageno 0'>
   <div class='ocr_carea' id='block_1_1' title="bbox 156 324 938 358">
    <p class='ocr_par' dir='ltr' id='par_1_1' title="bbox 156 324 938 358">
     <span class='ocr_line' id='line_1_1' title="bbox 156 324 938 350; baseline 0.013 -10"><span class='ocrx_word' id='word_1_1' title='bbox 156 327 165 334; x_wconf 83' lang='lat'><strong>¹·</strong></span> <span class='ocrx_word' id='word_1_2' title='bbox 192 327 201 332; x_wconf 87' lang='grc'><em>“</em></span> <span class='ocrx_word' id='word_1_3' title='bbox 225 324 938 350; x_wconf 45' lang='lat' dir='ltr'><strong>··*-n·-=-=·-=.--··-—-—-—--b——.,.-.—-.</strong></span> 
     </span>
     <span class='ocr_line' id='line_1_2' title="bbox 327 351 808 358; baseline 0.004 -2"><span class='ocrx_word' id='word_1_4' title='bbox 327 353 331 356; x_wconf 97' lang='lat'>.</span> <span class='ocrx_word' id='word_1_5' title='bbox 356 351 382 356; x_wconf 90' lang='lat'><strong>...</strong></span> <span class='ocrx_word' id='word_1_6' title='bbox 398 353 410 356; x_wconf 90' lang='grc'><strong>..</strong></span> <span class='ocrx_word' id='word_1_7' title='bbox 431 352 447 357; x_wconf 81' lang='lat'><em>-</em></span> <span class='ocrx_word' id='word_1_8' title='bbox 467 351 501 358; x_wconf 78' lang='lat'>....</span> <span class='ocrx_word' id='word_1_9' title='bbox 568 352 625 358; x_wconf 75' lang='lat'>...--</span> <span class='ocrx_word' id='word_1_10' title='bbox 648 353 678 358; x_wconf 55' lang='lat'><strong>-.=-</strong></span> <span class='ocrx_word' id='word_1_11' title='bbox 741 353 755 358; x_wconf 88' lang='lat'><strong>..</strong></span> <span class='ocrx_word' id='word_1_12' title='bbox 800 353 808 358; x_wconf 87' lang='lat'>.</span> 
     </span>
    </p>
   </div>
   <div class='ocr_carea' id='block_1_2' title="bbox 922 318 1646 368">
    <p class='ocr_par' dir='ltr' id='par_1_2' title="bbox 922 318 1646 368">
     <span class='ocr_line' id='line_1_3' title="bbox 922 318 1646 368; baseline 0.003 -2"><span class='ocrx_word' id='word_1_13' title='bbox 922 318 1646 368; x_wconf 18' lang='grc' dir='ltr'><strong>ι,-.-,-.------ι,,,....ῃ.ι,...,ι·---....-ι.ψ...·......,.Ι</strong></span> 
     </span>
    </p>
   </div>
   <div class='ocr_carea' id='block_1_3' title="bbox 781 601 1029 700">
    <p class='ocr_par' dir='ltr' id='par_1_3' title="bbox 781 601 1029 700">
     <span class='ocr_line' id='line_1_4' title="bbox 781 601 1029 700; baseline 0.008 -2"><span class='ocrx_word' id='word_1_14' title='bbox 781 631 783 635; x_wconf 92' lang='grc'><strong><em>·</em></strong></span> <span class='ocrx_word' id='word_1_15' title='bbox 822 601 1029 700; x_wconf 59' lang='lat'><strong>-...22„</strong></span> 
     </span>
    </p>
   </div>
   <div class='ocr_carea' id='block_1_4' title="bbox 234 790 1620 4508">
    <p class='ocr_par' dir='ltr' id='par_1_4' title="bbox 234 790 1620 2906">
     <span class='ocr_line' id='line_1_5' title="bbox 234 790 1509 880; baseline -0.001 -21"><span class='ocrx_word' id='word_1_16' title='bbox 234 855 237 859; x_wconf 88' lang='lat'><em>.</em></span> <span class='ocrx_word' id='word_1_17' title='bbox 339 790 454 858; x_wconf 79' lang='lat' dir='ltr'><strong>carlum</strong></span> <span class='ocrx_word' id='word_1_18' title='bbox 485 791 537 874; x_wconf 78' lang='lat' dir='ltr'><strong>sit,</strong></span> <span class='ocrx_word' id='word_1_19' title='bbox 568 815 639 858; x_wconf 91' lang='lat' dir='ltr'><strong>cum</strong></span> <span class='ocrx_word' id='word_1_20' title='bbox 670 791 805 879; x_wconf 86' lang='lat' dir='ltr'><strong>legendo</strong></span> <span class='ocrx_word' id='word_1_21' title='bbox 834 791 1003 880; x_wconf 89' lang='lat' dir='ltr'><strong>impulsum</strong></span> <span class='ocrx_word' id='word_1_22' title='bbox 1036 815 1122 873; x_wconf 86' lang='lat' dir='ltr'><strong>esse,</strong></span> <span class='ocrx_word' id='word_1_23' title='bbox 1156 801 1192 857; x_wconf 94' lang='lat' dir='ltr'><strong>ut</strong></span> <span class='ocrx_word' id='word_1_24' title='bbox 1223 790 1263 857; x_wconf 85' lang='lat' dir='ltr'><strong>de</strong></span> <span class='ocrx_word' id='word_1_25' title='bbox 1295 792 1509 858; x_wconf 85' lang='lat' dir='ltr'><strong>coniuratione</strong></span> 
     </span>
     <span class='ocr_line' id='line_1_6' title="bbox 339 897 1509 986; baseline 0.001 -23"><span class='ocrx_word' id='word_1_26' title='bbox 339 898 413 964; x_wconf 90' lang='lat' dir='ltr'><strong>anni</strong></span> <span class='ocrx_word' id='word_1_27' title='bbox 445 899 509 965; x_wconf 85' lang='grc'><strong>686</strong></span> <span class='ocrx_word' id='word_1_28' title='bbox 527 900 569 962; x_wconf 91' lang='grc'><strong>66</strong></span> <span class='ocrx_word' id='word_1_29' title='bbox 600 919 700 986; x_wconf 89' lang='lat' dir='ltr'><strong>pauca</strong></span> <span class='ocrx_word' id='word_1_30' title='bbox 730 921 790 964; x_wconf 87' lang='lat' dir='ltr'><strong>una</strong></span> <span class='ocrx_word' id='word_1_31' title='bbox 820 920 892 964; x_wconf 90' lang='lat' dir='ltr'><strong>cum</strong></span> <span class='ocrx_word' id='word_1_32' title='bbox 921 901 1062 966; x_wconf 88' lang='lat' dir='ltr'><strong>oratione</strong></span> <span class='ocrx_word' id='word_1_33' title='bbox 1093 900 1253 965; x_wconf 78' lang='lat' dir='ltr'><strong>insereret</strong></span> <span class='ocrx_word' id='word_1_34' title='bbox 1307 897 1376 974; x_wconf 87' lang='lat' dir='ltr'><strong>Nec</strong></span> <span class='ocrx_word' id='word_1_35' title='bbox 1405 899 1509 964; x_wconf 81' lang='lat' dir='ltr'><strong>ruiuui</strong></span> 
     </span>
     <span class='ocr_line' id='line_1_7' title="bbox 342 1003 1512 1094; baseline -0.001 -24"><span class='ocrx_word' id='word_1_36' title='bbox 342 1026 519 1094; x_wconf 89' lang='lat' dir='ltr'><strong>possumus,</strong></span> <span class='ocrx_word' id='word_1_37' title='bbox 550 1004 695 1072; x_wconf 87' lang='lat' dir='ltr'><strong>Caesaris</strong></span> <span class='ocrx_word' id='word_1_38' title='bbox 718 1027 832 1070; x_wconf 91' lang='lat' dir='ltr'><strong>nomen</strong></span> <span class='ocrx_word' id='word_1_39' title='bbox 855 1003 896 1070; x_wconf 86' lang='lat' dir='ltr'><strong>ab</strong></span> <span class='ocrx_word' id='word_1_40' title='bbox 919 1027 957 1070; x_wconf 92' lang='lat' dir='ltr'><strong>eo</strong></span> <span class='ocrx_word' id='word_1_41' title='bbox 980 1015 1170 1072; x_wconf 86' lang='lat' dir='ltr'><strong>summotum</strong></span> <span class='ocrx_word' id='word_1_42' title='bbox 1193 1027 1278 1087; x_wconf 88' lang='lat' dir='ltr'><strong>esse,</strong></span> <span class='ocrx_word' id='word_1_43' title='bbox 1307 1004 1334 1069; x_wconf 83' lang='lat' dir='ltr'><strong>si</strong></span> <span class='ocrx_word' id='word_1_44' title='bbox 1358 1003 1512 1086; x_wconf 83' lang='lat' dir='ltr'><strong>videmus,</strong></span> 
     </span>
     <span class='ocr_line' id='line_1_8' title="bbox 340 1109 1511 1199; baseline 0 -23"><span class='ocrx_word' id='word_1_45' title='bbox 340 1135 404 1199; x_wconf 88' lang='lat' dir='ltr'><strong>quo</strong></span> <span class='ocrx_word' id='word_1_46' title='bbox 427 1109 523 1177; x_wconf 89' lang='lat' dir='ltr'><strong>modo</strong></span> <span class='ocrx_word' id='word_1_47' title='bbox 541 1110 670 1178; x_wconf 78' lang='lat' dir='ltr'>Caesari</span> <span class='ocrx_word' id='word_1_48' title='bbox 693 1111 726 1175; x_wconf 91' lang='lat' dir='ltr'><strong>in</strong></span> <span class='ocrx_word' id='word_1_49' title='bbox 748 1119 817 1176; x_wconf 90' lang='lat' dir='ltr'><strong>toto</strong></span> <span class='ocrx_word' id='word_1_50' title='bbox 832 1110 911 1178; x_wconf 87' lang='lat' dir='ltr'><strong>libro</strong></span> <span class='ocrx_word' id='word_1_51' title='bbox 936 1111 1066 1178; x_wconf 81' lang='lat' dir='ltr'><strong>laverit:</strong></span> <span class='ocrx_word' id='word_1_52' title='bbox 1090 1111 1237 1177; x_wconf 76' lang='lat' dir='ltr'><strong>Forsitan</strong></span> <span class='ocrx_word' id='word_1_53' title='bbox 1260 1111 1363 1198; x_wconf 81' lang='lat' dir='ltr'><strong>imago</strong></span> <span class='ocrx_word' id='word_1_54' title='bbox 1385 1133 1511 1198; x_wconf 86' lang='lat' dir='ltr'><strong>quoque</strong></span> 
     </span>
     <span class='ocr_line' id='line_1_9' title="bbox 341 1216 1511 1305; baseline -0.002 -21"><span class='ocrx_word' id='word_1_55' title='bbox 341 1216 506 1299; x_wconf 82' lang='lat' dir='ltr'><strong>Catilinae,</strong></span> <span class='ocrx_word' id='word_1_56' title='bbox 534 1238 614 1304; x_wconf 85' lang='lat' dir='ltr'><strong>quae</strong></span> <span class='ocrx_word' id='word_1_57' title='bbox 637 1219 740 1305; x_wconf 84' lang='lat' dir='ltr'><strong>capite</strong></span> <span class='ocrx_word' id='word_1_58' title='bbox 765 1221 784 1282; x_wconf 84' lang='lat'>5</span> <span class='ocrx_word' id='word_1_59' title='bbox 808 1217 923 1305; x_wconf 88' lang='lat' dir='ltr'><strong>scripta</strong></span> <span class='ocrx_word' id='word_1_60' title='bbox 954 1227 1030 1297; x_wconf 82' lang='lat' dir='ltr'><strong>emt,</strong></span> <span class='ocrx_word' id='word_1_61' title='bbox 1059 1217 1170 1282; x_wconf 87' lang='lat' dir='ltr'><strong>eodem</strong></span> <span class='ocrx_word' id='word_1_62' title='bbox 1201 1227 1342 1304; x_wconf 83' lang='lat' dir='ltr'><strong>tempore</strong></span> <span class='ocrx_word' id='word_1_63' title='bbox 1371 1217 1511 1304; x_wconf 87' lang='lat' dir='ltr'><strong>aliquau-</strong></span> 
     </span>
     <span class='ocr_line' id='line_1_10' title="bbox 342 1322 1512 1410; baseline 0.001 -21"><span class='ocrx_word' id='word_1_64' title='bbox 342 1324 441 1390; x_wconf 88' lang='lat' dir='ltr'><strong>tulum</strong></span> <span class='ocrx_word' id='word_1_65' title='bbox 471 1323 620 1410; x_wconf 86' lang='lat' dir='ltr'><strong>aruplinta</strong></span> <span class='ocrx_word' id='word_1_66' title='bbox 648 1325 703 1404; x_wconf 80' lang='lat' dir='ltr'><strong>sit3</strong></span> <span class='ocrx_word' id='word_1_67' title='bbox 733 1345 804 1389; x_wconf 91' lang='lat' dir='ltr'><strong>nam</strong></span> <span class='ocrx_word' id='word_1_68' title='bbox 833 1324 860 1390; x_wconf 93' lang='lat' dir='ltr'><strong>si</strong></span> <span class='ocrx_word' id='word_1_69' title='bbox 884 1322 1030 1390; x_wconf 79' lang='lat' dir='ltr'><strong>Caesaris</strong></span> <span class='ocrx_word' id='word_1_70' title='bbox 1052 1323 1123 1390; x_wconf 91' lang='lat' dir='ltr'><strong>loco</strong></span> <span class='ocrx_word' id='word_1_71' title='bbox 1146 1323 1282 1390; x_wconf 77' lang='lat' dir='ltr'><strong>Catilina</strong></span> <span class='ocrx_word' id='word_1_72' title='bbox 1305 1326 1337 1388; x_wconf 92' lang='lat' dir='ltr'><strong>in</strong></span> <span class='ocrx_word' id='word_1_73' title='bbox 1361 1323 1413 1390; x_wconf 88' lang='lat' dir='ltr'><strong>illa</strong></span> <span class='ocrx_word' id='word_1_74' title='bbox 1437 1347 1512 1390; x_wconf 91' lang='lat' dir='ltr'><strong>con·</strong></span> 
     </span>
     <span class='ocr_line' id='line_1_11' title="bbox 341 1428 1512 1518; baseline 0 -23"><span class='ocrx_word' id='word_1_75' title='bbox 341 1431 495 1496; x_wconf 78' lang='lat' dir='ltr'><strong>imatione</strong></span> <span class='ocrx_word' id='word_1_76' title='bbox 525 1429 642 1510; x_wconf 83' lang='lat' dir='ltr'><strong>stabat,</strong></span> <span class='ocrx_word' id='word_1_77' title='bbox 672 1451 794 1495; x_wconf 86' lang='lat' dir='ltr'><strong>summa</strong></span> <span class='ocrx_word' id='word_1_78' title='bbox 831 1428 935 1495; x_wconf 88' lang='lat' dir='ltr'><strong>iudole</strong></span> <span class='ocrx_word' id='word_1_79' title='bbox 964 1442 997 1496; x_wconf 85' lang='lat' dir='ltr'><strong>ct</strong></span> <span class='ocrx_word' id='word_1_80' title='bbox 1023 1432 1191 1518; x_wconf 86' lang='lat' dir='ltr'><strong>praecipue</strong></span> <span class='ocrx_word' id='word_1_81' title='bbox 1219 1428 1400 1496; x_wconf 87' lang='lat' dir='ltr'><strong>dominandi</strong></span> <span class='ocrx_word' id='word_1_82' title='bbox 1424 1431 1512 1517; x_wconf 91' lang='lat' dir='ltr'><strong>cupi·</strong></span> 
     </span>
     <span class='ocr_line' id='line_1_12' title="bbox 341 1534 1511 1624; baseline 0.001 -23"><span class='ocrx_word' id='word_1_83' title='bbox 341 1535 440 1603; x_wconf 84' lang='lat' dir='ltr'><strong>ditate</strong></span> <span class='ocrx_word' id='word_1_84' title='bbox 464 1534 663 1602; x_wconf 78' lang='lat' dir='ltr'><strong>cremandus</strong></span> <span class='ocrx_word' id='word_1_85' title='bbox 686 1546 768 1617; x_wconf 82' lang='lat' dir='ltr'><strong>erat3</strong></span> <span class='ocrx_word' id='word_1_86' title='bbox 797 1535 964 1623; x_wconf 84' lang='lat' dir='ltr'><strong>abruptum</strong></span> <span class='ocrx_word' id='word_1_87' title='bbox 988 1545 1093 1602; x_wconf 83' lang='lat' dir='ltr'><strong>arrtcm</strong></span> <span class='ocrx_word' id='word_1_88' title='bbox 1116 1535 1274 1602; x_wconf 85' lang='lat' dir='ltr'><strong>scribendi</strong></span> <span class='ocrx_word' id='word_1_89' title='bbox 1296 1559 1396 1624; x_wconf 83' lang='lat' dir='ltr'><strong>genus</strong></span> <span class='ocrx_word' id='word_1_90' title='bbox 1419 1535 1511 1603; x_wconf 85' lang='lat' dir='ltr'><strong>facile</strong></span> 
     </span>
     <span class='ocr_line' id='line_1_13' title="bbox 342 1641 1513 1731; baseline -0.001 -22"><span class='ocrx_word' id='word_1_91' title='bbox 342 1641 492 1709; x_wconf 87' lang='lat' dir='ltr'><strong>nonnulla</strong></span> <span class='ocrx_word' id='word_1_92' title='bbox 522 1643 678 1730; x_wconf 87' lang='lat' dir='ltr'><strong>interponi</strong></span> <span class='ocrx_word' id='word_1_93' title='bbox 708 1641 893 1731; x_wconf 85' lang='lat' dir='ltr'><strong>patiebatur.</strong></span> <span class='ocrx_word' id='word_1_94' title='bbox 962 1642 1042 1708; x_wconf 86' lang='lat' dir='ltr'><strong>Imle</strong></span> <span class='ocrx_word' id='word_1_95' title='bbox 1075 1666 1187 1729; x_wconf 85' lang='lat' dir='ltr'><strong>magna</strong></span> <span class='ocrx_word' id='word_1_96' title='bbox 1219 1643 1430 1731; x_wconf 86' lang='lat' dir='ltr'><strong>epithetomm</strong></span> <span class='ocrx_word' id='word_1_97' title='bbox 1462 1667 1513 1708; x_wconf 91' lang='lat' dir='ltr'><strong>ac-</strong></span> 
     </span>
     <span class='ocr_line' id='line_1_14' title="bbox 341 1748 1513 1838; baseline 0.001 -23"><span class='ocrx_word' id='word_1_98' title='bbox 341 1748 522 1829; x_wconf 78' lang='lat' dir='ltr'><strong>cumulatio,</strong></span> <span class='ocrx_word' id='word_1_99' title='bbox 557 1771 650 1837; x_wconf 88' lang='lat' dir='ltr'><strong>quam</strong></span> <span class='ocrx_word' id='word_1_100' title='bbox 683 1749 785 1837; x_wconf 88' lang='lat' dir='ltr'><strong>eapite</strong></span> <span class='ocrx_word' id='word_1_101' title='bbox 818 1752 838 1814; x_wconf 82' lang='lat'>5</span> <span class='ocrx_word' id='word_1_102' title='bbox 872 1748 1033 1831; x_wconf 85' lang='lat' dir='ltr'><strong>habemus,</strong></span> <span class='ocrx_word' id='word_1_103' title='bbox 1065 1749 1203 1838; x_wconf 74' lang='lat' dir='ltr'><strong>intellegi</strong></span> <span class='ocrx_word' id='word_1_104' title='bbox 1236 1758 1351 1838; x_wconf 86' lang='lat' dir='ltr'><strong>potest</strong></span> <span class='ocrx_word' id='word_1_105' title='bbox 1396 1750 1513 1818; x_wconf 85' lang='lat' dir='ltr'><strong>Omnia</strong></span> 
     </span>
     <span class='ocr_line' id='line_1_15' title="bbox 343 1854 1512 1944; baseline 0.002 -23"><span class='ocrx_word' id='word_1_106' title='bbox 343 1867 458 1937; x_wconf 85' lang='lat' dir='ltr'><strong>autem,</strong></span> <span class='ocrx_word' id='word_1_107' title='bbox 480 1877 561 1943; x_wconf 83' lang='lat' dir='ltr'><strong>qnae</strong></span> <span class='ocrx_word' id='word_1_108' title='bbox 584 1855 740 1944; x_wconf 80' lang='lat' dir='ltr'><strong>capitibus</strong></span> <span class='ocrx_word' id='word_1_109' title='bbox 758 1859 886 1922; x_wconf 86' lang='lat'>18-22</span> <span class='ocrx_word' id='word_1_110' title='bbox 907 1854 1080 1938; x_wconf 86' lang='lat' dir='ltr'><strong>traduntur,</strong></span> <span class='ocrx_word' id='word_1_111' title='bbox 1104 1857 1203 1942; x_wconf 84' lang='lat' dir='ltr'><strong>magis</strong></span> <span class='ocrx_word' id='word_1_112' title='bbox 1225 1857 1406 1923; x_wconf 87' lang='lat' dir='ltr'><strong>coniectura</strong></span> <span class='ocrx_word' id='word_1_113' title='bbox 1419 1880 1512 1944; x_wconf 90' lang='lat' dir='ltr'><strong>quam</strong></span> 
     </span>
     <span class='ocr_line' id='line_1_16' title="bbox 343 1961 1514 2052; baseline 0 -23"><span class='ocrx_word' id='word_1_114' title='bbox 343 1963 592 2052; x_wconf 83' lang='lat' dir='ltr'><strong>perscrutatione</strong></span> <span class='ocrx_word' id='word_1_115' title='bbox 614 1961 763 2028; x_wconf 88' lang='lat' dir='ltr'><strong>historica</strong></span> <span class='ocrx_word' id='word_1_116' title='bbox 787 1963 844 2027; x_wconf 88' lang='lat' dir='ltr'><strong>uiti</strong></span> <span class='ocrx_word' id='word_1_117' title='bbox 867 1963 994 2028; x_wconf 90' lang='lat' dir='ltr'><strong>omnino</strong></span> <span class='ocrx_word' id='word_1_118' title='bbox 1019 1963 1124 2050; x_wconf 82' lang='lat' dir='ltr'><strong>negari</strong></span> <span class='ocrx_word' id='word_1_119' title='bbox 1148 1986 1211 2028; x_wconf 92' lang='lat' dir='ltr'><strong>non</strong></span> <span class='ocrx_word' id='word_1_120' title='bbox 1235 1972 1350 2051; x_wconf 87' lang='lat' dir='ltr'><strong>potest,</strong></span> <span class='ocrx_word' id='word_1_121' title='bbox 1372 1986 1514 2052; x_wconf 84' lang='lat' dir='ltr'><strong>praescr·</strong></span> 
     </span>
     <span class='ocr_line' id='line_1_17' title="bbox 342 2067 1514 2158; baseline -0.001 -22"><span class='ocrx_word' id='word_1_122' title='bbox 342 2071 400 2136; x_wconf 91' lang='lat' dir='ltr'><strong>tim</strong></span> <span class='ocrx_word' id='word_1_123' title='bbox 429 2091 501 2135; x_wconf 89' lang='lat' dir='ltr'><strong>cum</strong></span> <span class='ocrx_word' id='word_1_124' title='bbox 530 2071 713 2151; x_wconf 84' lang='lat' dir='ltr'><strong>coniuratio,</strong></span> <span class='ocrx_word' id='word_1_125' title='bbox 742 2071 793 2134; x_wconf 89' lang='lat' dir='ltr'><strong>cui</strong></span> <span class='ocrx_word' id='word_1_126' title='bbox 823 2067 960 2135; x_wconf 84' lang='lat' dir='ltr'><strong>Catilina</strong></span> <span class='ocrx_word' id='word_1_127' title='bbox 990 2092 1099 2136; x_wconf 84' lang='lat' dir='ltr'><strong>revera</strong></span> <span class='ocrx_word' id='word_1_128' title='bbox 1127 2070 1273 2157; x_wconf 76' lang='lat' dir='ltr'><strong>praemit,</strong></span> <span class='ocrx_word' id='word_1_129' title='bbox 1302 2070 1396 2158; x_wconf 91' lang='lat' dir='ltr'><strong>pleno</strong></span> <span class='ocrx_word' id='word_1_130' title='bbox 1423 2093 1514 2151; x_wconf 88' lang='lat' dir='ltr'><strong>anno,</strong></span> 
     </span>
     <span class='ocr_line' id='line_1_18' title="bbox 344 2174 1620 2265; baseline 0.001 -24"><span class='ocrx_word' id='word_1_131' title='bbox 344 2186 378 2242; x_wconf 93' lang='lat' dir='ltr'><strong>ut</strong></span> <span class='ocrx_word' id='word_1_132' title='bbox 401 2175 483 2241; x_wconf 81' lang='lat' dir='ltr'><strong>infra</strong></span> <span class='ocrx_word' id='word_1_133' title='bbox 508 2174 695 2256; x_wconf 74' lang='lat' dir='ltr'><strong>ridebimus,</strong></span> <span class='ocrx_word' id='word_1_134' title='bbox 717 2175 888 2262; x_wconf 88' lang='lat' dir='ltr'><strong>anticipata</strong></span> <span class='ocrx_word' id='word_1_135' title='bbox 911 2177 961 2241; x_wconf 83' lang='lat' dir='ltr'><strong>sit</strong></span> <span class='ocrx_word' id='word_1_136' title='bbox 1005 2176 1078 2242; x_wconf 87' lang='lat' dir='ltr'><strong>Hae</strong></span> <span class='ocrx_word' id='word_1_137' title='bbox 1102 2177 1325 2265; x_wconf 84' lang='lat' dir='ltr'><strong>anticipat-ione</strong></span> <span class='ocrx_word' id='word_1_138' title='bbox 1343 2199 1424 2265; x_wconf 91' lang='lat' dir='ltr'><strong>opus</strong></span> <span class='ocrx_word' id='word_1_139' title='bbox 1440 2187 1515 2258; x_wconf 86' lang='lat' dir='ltr'><strong>erut,</strong></span> <span class='ocrx_word' id='word_1_140' title='bbox 1616 2209 1620 2217; x_wconf 94' lang='lat'><em>·</em></span> 
     </span>
     <span class='ocr_line' id='line_1_19' title="bbox 346 2281 1516 2372; baseline 0.001 -23"><span class='ocrx_word' id='word_1_141' title='bbox 346 2293 381 2349; x_wconf 91' lang='lat' dir='ltr'><strong>nt</strong></span> <span class='ocrx_word' id='word_1_142' title='bbox 404 2281 561 2350; x_wconf 86' lang='lat' dir='ltr'><strong>Catilinae</strong></span> <span class='ocrx_word' id='word_1_143' title='bbox 583 2281 675 2363; x_wconf 82' lang='lat' dir='ltr'><strong>facta,</strong></span> <span class='ocrx_word' id='word_1_144' title='bbox 697 2305 754 2370; x_wconf 85' lang='lat' dir='ltr'><strong>per</strong></span> <span class='ocrx_word' id='word_1_145' title='bbox 776 2291 898 2348; x_wconf 89' lang='lat' dir='ltr'><strong>tantum</strong></span> <span class='ocrx_word' id='word_1_146' title='bbox 921 2283 1057 2370; x_wconf 84' lang='lat' dir='ltr'><strong>spatium</strong></span> <span class='ocrx_word' id='word_1_147' title='bbox 1081 2282 1241 2366; x_wconf 78' lang='lat' dir='ltr'><strong>distracta,</strong></span> <span class='ocrx_word' id='word_1_148' title='bbox 1267 2285 1415 2349; x_wconf 86' lang='lat' dir='ltr'><strong>contiuua</strong></span> <span class='ocrx_word' id='word_1_149' title='bbox 1438 2307 1516 2372; x_wconf 88' lang='lat' dir='ltr'><strong>quo·</strong></span> 
     </span>
     <span class='ocr_line' id='line_1_20' title="bbox 344 2387 1515 2479; baseline 0.002 -24"><span class='ocrx_word' id='word_1_150' title='bbox 344 2388 512 2456; x_wconf 87' lang='lat' dir='ltr'><strong>dammodo</strong></span> <span class='ocrx_word' id='word_1_151' title='bbox 535 2387 726 2456; x_wconf 88' lang='lat' dir='ltr'><strong>viderentur.</strong></span> <span class='ocrx_word' id='word_1_152' title='bbox 771 2389 838 2454; x_wconf 89' lang='lat' dir='ltr'><strong>Iam</strong></span> <span class='ocrx_word' id='word_1_153' title='bbox 862 2388 1010 2470; x_wconf 79' lang='lat' dir='ltr'><strong>vidimus,</strong></span> <span class='ocrx_word' id='word_1_154' title='bbox 1038 2397 1156 2477; x_wconf 83' lang='lat' dir='ltr'><strong>quanta</strong></span> <span class='ocrx_word' id='word_1_155' title='bbox 1184 2391 1388 2479; x_wconf 82' lang='lat' dir='ltr'><strong>repugnantia</strong></span> <span class='ocrx_word' id='word_1_156' title='bbox 1411 2413 1515 2457; x_wconf 88' lang='lat' dir='ltr'><strong>rerum</strong></span> 
     </span>
     <span class='ocr_line' id='line_1_21' title="bbox 343 2495 1516 2586; baseline 0 -24"><span class='ocrx_word' id='word_1_157' title='bbox 343 2497 403 2563; x_wconf 88' lang='lat' dir='ltr'><strong>hac</strong></span> <span class='ocrx_word' id='word_1_158' title='bbox 433 2495 577 2562; x_wconf 88' lang='lat' dir='ltr'><strong>socordia</strong></span> <span class='ocrx_word' id='word_1_159' title='bbox 607 2505 676 2562; x_wconf 88' lang='lat' dir='ltr'><strong>orta</strong></span> <span class='ocrx_word' id='word_1_160' title='bbox 705 2496 755 2562; x_wconf 89' lang='lat' dir='ltr'><strong>sit.</strong></span> <span class='ocrx_word' id='word_1_161' title='bbox 806 2497 855 2561; x_wconf 77' lang='lat' dir='ltr'><strong>Ac</strong></span> <span class='ocrx_word' id='word_1_162' title='bbox 883 2518 942 2584; x_wconf 88' lang='lat' dir='ltr'><strong>per</strong></span> <span class='ocrx_word' id='word_1_163' title='bbox 969 2518 1005 2561; x_wconf 90' lang='lat' dir='ltr'><strong>se</strong></span> <span class='ocrx_word' id='word_1_164' title='bbox 1035 2496 1139 2585; x_wconf 91' lang='lat' dir='ltr'><strong>ipsum</strong></span> <span class='ocrx_word' id='word_1_165' title='bbox 1169 2499 1295 2586; x_wconf 86' lang='lat' dir='ltr'><strong>parum&#39;</strong></span> <span class='ocrx_word' id='word_1_166' title='bbox 1309 2496 1381 2563; x_wconf 84' lang='lat' dir='ltr'><strong>fidei</strong></span> <span class='ocrx_word' id='word_1_167' title='bbox 1411 2496 1516 2579; x_wconf 86' lang='lat' dir='ltr'><strong>habet,</strong></span> 
     </span>
     <span class='ocr_line' id='line_1_22' title="bbox 345 2602 1516 2691; baseline 0 -21"><span class='ocrx_word' id='word_1_168' title='bbox 345 2604 592 2670; x_wconf 87' lang='lat' dir='ltr'><strong>coniurationem</strong></span> <span class='ocrx_word' id='word_1_169' title='bbox 622 2613 685 2668; x_wconf 90' lang='lat' dir='ltr'><strong>tarn</strong></span> <span class='ocrx_word' id='word_1_170' title='bbox 715 2602 922 2690; x_wconf 89' lang='lat' dir='ltr'><strong>periculosam</strong></span> <span class='ocrx_word' id='word_1_171' title='bbox 952 2603 1143 2690; x_wconf 82' lang='lat' dir='ltr'><strong>reipublicae</strong></span> <span class='ocrx_word' id='word_1_172' title='bbox 1172 2625 1230 2691; x_wconf 87' lang='lat' dir='ltr'><strong>per</strong></span> <span class='ocrx_word' id='word_1_173' title='bbox 1258 2613 1308 2670; x_wconf 90' lang='lat' dir='ltr'><strong>tot</strong></span> <span class='ocrx_word' id='word_1_174' title='bbox 1336 2626 1435 2671; x_wconf 90' lang='lat' dir='ltr'><strong>annos</strong></span> <span class='ocrx_word' id='word_1_175' title='bbox 1463 2627 1516 2671; x_wconf 91' lang='lat' dir='ltr'><strong>oc·</strong></span> 
     </span>
     <span class='ocr_line' id='line_1_23' title="bbox 345 2709 1516 2798; baseline 0.003 -24"><span class='ocrx_word' id='word_1_176' title='bbox 345 2710 456 2776; x_wconf 86' lang='lat' dir='ltr'><strong>cultari</strong></span> <span class='ocrx_word' id='word_1_177' title='bbox 485 2710 637 2798; x_wconf 77' lang='lat' dir='ltr'><strong>pomisne.</strong></span> <span class='ocrx_word' id='word_1_178' title='bbox 703 2709 887 2775; x_wconf 85' lang='lat' dir='ltr'><strong>Extiterunt</strong></span> <span class='ocrx_word' id='word_1_179' title='bbox 916 2709 1051 2791; x_wconf 87' lang='lat' dir='ltr'><strong>scilicet,</strong></span> <span class='ocrx_word' id='word_1_180' title='bbox 1081 2709 1136 2796; x_wconf 84' lang='lat' dir='ltr'><strong>qui</strong></span> <span class='ocrx_word' id='word_1_181' title='bbox 1165 2709 1247 2776; x_wconf 88' lang='lat' dir='ltr'><strong>boue</strong></span> <span class='ocrx_word' id='word_1_182' title='bbox 1277 2709 1417 2777; x_wconf 87' lang='lat' dir='ltr'><strong>Sallustii</strong></span> <span class='ocrx_word' id='word_1_183' title='bbox 1446 2733 1516 2778; x_wconf 86' lang='lat' dir='ltr'><strong>aar·</strong></span> 
     </span>
     <span class='ocr_line' id='line_1_24' title="bbox 346 2815 1515 2906; baseline 0.001 -23"><span class='ocrx_word' id='word_1_184' title='bbox 346 2819 498 2883; x_wconf 84' lang='lat' dir='ltr'><strong>rationem</strong></span> <span class='ocrx_word' id='word_1_185' title='bbox 522 2817 602 2882; x_wconf 86' lang='lat' dir='ltr'><strong>tueri</strong></span> <span class='ocrx_word' id='word_1_186' title='bbox 631 2815 788 2898; x_wconf 80' lang='lat' dir='ltr'><strong>studeant,</strong></span> <span class='ocrx_word' id='word_1_187' title='bbox 817 2815 874 2882; x_wconf 84' lang='lat' dir='ltr'><strong>sed</strong></span> <span class='ocrx_word' id='word_1_188' title='bbox 902 2815 1027 2904; x_wconf 73' lang='lat' dir='ltr'><strong>perdita</strong></span> <span class='ocrx_word' id='word_1_189' title='bbox 1056 2825 1105 2882; x_wconf 86' lang='lat' dir='ltr'><strong>est</strong></span> <span class='ocrx_word' id='word_1_190' title='bbox 1136 2839 1245 2904; x_wconf 88' lang='lat' dir='ltr'><strong>opera;</strong></span> <span class='ocrx_word' id='word_1_191' title='bbox 1275 2815 1393 2884; x_wconf 89' lang='lat' dir='ltr'><strong>diutius</strong></span> <span class='ocrx_word' id='word_1_192' title='bbox 1423 2841 1515 2906; x_wconf 90' lang='lat' dir='ltr'><strong>quam</strong></span> 
     </span>
    </p>

    <p class='ocr_par' dir='ltr' id='par_1_5' title="bbox 259 2917 1521 4508">
     <span class='ocr_line' id='line_1_25' title="bbox 259 2917 1517 3013; baseline 0.001 -23"><span class='ocrx_word' id='word_1_193' title='bbox 259 2939 262 2946; x_wconf 84' lang='grc'><strong>’</strong></span> <span class='ocrx_word' id='word_1_194' title='bbox 346 2923 502 3004; x_wconf 85' lang='lat' dir='ltr'><strong>crederes,</strong></span> <span class='ocrx_word' id='word_1_195' title='bbox 525 2923 686 2990; x_wconf 82' lang='lat' dir='ltr'><strong>Ciceronis</strong></span> <span class='ocrx_word' id='word_1_196' title='bbox 711 2923 763 2988; x_wconf 90' lang='lat' dir='ltr'><strong>illa</strong></span> <span class='ocrx_word' id='word_1_197' title='bbox 790 2917 914 2988; x_wconf 73' lang='lat' dir='ltr'><strong>‘comio</strong></span> <span class='ocrx_word' id='word_1_198' title='bbox 937 2917 1122 2989; x_wconf 80' lang='lat' dir='ltr'><strong>dorrrcsticn’</strong></span> <span class='ocrx_word' id='word_1_199' title='bbox 1146 2933 1179 2990; x_wconf 89' lang='lat' dir='ltr'><strong>et</strong></span> <span class='ocrx_word' id='word_1_200' title='bbox 1202 2923 1296 2989; x_wconf 87' lang='lat' dir='ltr'><strong>allata</strong></span> <span class='ocrx_word' id='word_1_201' title='bbox 1326 2935 1359 2990; x_wconf 87' lang='lat' dir='ltr'><strong>et</strong></span> <span class='ocrx_word' id='word_1_202' title='bbox 1388 2935 1517 3013; x_wconf 81' lang='lat' dir='ltr'><strong>accepts</strong></span> 
     </span>
     <span class='ocr_line' id='line_1_26' title="bbox 346 3027 1516 3111; baseline 0 -14"><span class='ocrx_word' id='word_1_203' title='bbox 346 3040 397 3097; x_wconf 89' lang='lat' dir='ltr'><strong>est</strong></span> <span class='ocrx_word' id='word_1_204' title='bbox 426 3028 631 3111; x_wconf 87' lang='lat' dir='ltr'><strong>documento,</strong></span> <span class='ocrx_word' id='word_1_205' title='bbox 669 3030 749 3095; x_wconf 85' lang='lat' dir='ltr'><strong>hauc</strong></span> <span class='ocrx_word' id='word_1_206' title='bbox 781 3027 920 3096; x_wconf 74' lang='lat' dir='ltr'><strong>Sallustii</strong></span> <span class='ocrx_word' id='word_1_207' title='bbox 955 3032 1128 3096; x_wconf 84' lang='lat' dir='ltr'><strong>orationem</strong></span> <span class='ocrx_word' id='word_1_208' title='bbox 1160 3053 1180 3096; x_wconf 94' lang='lat' dir='ltr'><strong>a</strong></span> <span class='ocrx_word' id='word_1_209' title='bbox 1211 3029 1348 3097; x_wconf 87' lang='lat' dir='ltr'><strong>Catilina</strong></span> <span class='ocrx_word' id='word_1_210' title='bbox 1379 3030 1516 3098; x_wconf 88' lang='lat' dir='ltr'><strong>habitam</strong></span> 
     </span>
     <span class='ocr_line' id='line_1_27' title="bbox 346 3136 1517 3225; baseline 0.001 -22"><span class='ocrx_word' id='word_1_211' title='bbox 346 3160 426 3204; x_wconf 84' lang='lat' dir='ltr'><strong>esse.</strong></span> <span class='ocrx_word' id='word_1_212' title='bbox 470 3137 546 3202; x_wconf 92' lang='lat' dir='ltr'><strong>Duo</strong></span> <span class='ocrx_word' id='word_1_213' title='bbox 569 3159 689 3202; x_wconf 83' lang='lat' dir='ltr'><strong>errores</strong></span> <span class='ocrx_word' id='word_1_214' title='bbox 713 3138 744 3202; x_wconf 94' lang='lat' dir='ltr'><strong>in</strong></span> <span class='ocrx_word' id='word_1_215' title='bbox 768 3159 805 3202; x_wconf 87' lang='lat' dir='ltr'><strong>ea</strong></span> <span class='ocrx_word' id='word_1_216' title='bbox 828 3137 975 3224; x_wconf 88' lang='lat' dir='ltr'><strong>opinione</strong></span> <span class='ocrx_word' id='word_1_217' title='bbox 998 3136 1111 3204; x_wconf 86' lang='lat' dir='ltr'><strong>latent:</strong></span> <span class='ocrx_word' id='word_1_218' title='bbox 1135 3137 1245 3202; x_wconf 87' lang='lat' dir='ltr'><strong>concio</strong></span> <span class='ocrx_word' id='word_1_219' title='bbox 1268 3139 1337 3225; x_wconf 84' lang='lat' dir='ltr'><strong>ipsa</strong></span> <span class='ocrx_word' id='word_1_220' title='bbox 1355 3137 1517 3205; x_wconf 73' lang='lat' dir='ltr'><strong>Ciceronis</strong></span> 
     </span>
     <span class='ocr_line' id='line_1_28' title="bbox 347 3233 1517 3333; baseline 0.001 -24"><span class='ocrx_word' id='word_1_221' title='bbox 347 3249 404 3333; x_wconf 83' lang='lat' dir='ltr'><strong>(pr.</strong></span> <span class='ocrx_word' id='word_1_222' title='bbox 426 3243 512 3309; x_wconf 81' lang='lat' dir='ltr'><strong>Mur.</strong></span> <span class='ocrx_word' id='word_1_223' title='bbox 536 3247 589 3328; x_wconf 82' lang='lat'><strong>5⁰)</strong></span> <span class='ocrx_word' id='word_1_224' title='bbox 612 3243 785 3331; x_wconf 83' lang='lat' dir='ltr'><strong>petitionis,</strong></span> <span class='ocrx_word' id='word_1_225' title='bbox 809 3266 871 3308; x_wconf 91' lang='lat' dir='ltr'><strong>non</strong></span> <span class='ocrx_word' id='word_1_226' title='bbox 894 3233 1119 3310; x_wconf 83' lang='lat' dir='ltr'><strong>coniurationis</strong></span> <span class='ocrx_word' id='word_1_227' title='bbox 1142 3266 1236 3310; x_wconf 85' lang='lat' dir='ltr'><strong>causa</strong></span> <span class='ocrx_word' id='word_1_228' title='bbox 1259 3253 1431 3311; x_wconf 87' lang='lat' dir='ltr'><strong>convocata</strong></span> <span class='ocrx_word' id='word_1_229' title='bbox 1453 3254 1517 3326; x_wconf 80' lang='lat' dir='ltr'><strong>cst3</strong></span> 
     </span>
     <span class='ocr_line' id='line_1_29' title="bbox 348 3349 1518 3431; baseline 0.002 -15"><span class='ocrx_word' id='word_1_230' title='bbox 348 3351 423 3416; x_wconf 88' lang='lat' dir='ltr'><strong>item</strong></span> <span class='ocrx_word' id='word_1_231' title='bbox 457 3372 520 3416; x_wconf 92' lang='lat' dir='ltr'><strong>non</strong></span> <span class='ocrx_word' id='word_1_232' title='bbox 552 3349 613 3416; x_wconf 88' lang='lat' dir='ltr'><strong>boc</strong></span> <span class='ocrx_word' id='word_1_233' title='bbox 644 3373 737 3431; x_wconf 86' lang='lat' dir='ltr'><strong>anno,</strong></span> <span class='ocrx_word' id='word_1_234' title='bbox 754 3349 824 3419; x_wconf 76' lang='lat' dir='ltr'><strong>,sed</strong></span> <span class='ocrx_word' id='word_1_235' title='bbox 854 3372 936 3416; x_wconf 90' lang='lat' dir='ltr'><strong>anno</strong></span> <span class='ocrx_word' id='word_1_236' title='bbox 967 3351 1029 3417; x_wconf 85' lang='lat' dir='ltr'><strong>um</strong></span> <span class='ocrx_word' id='word_1_237' title='bbox 1044 3352 1092 3417; x_wconf 89' lang='grc'><strong>’63</strong></span> <span class='ocrx_word' id='word_1_238' title='bbox 1124 3351 1235 3417; x_wconf 87' lang='lat' dir='ltr'><strong>concio</strong></span> <span class='ocrx_word' id='word_1_239' title='bbox 1263 3351 1366 3418; x_wconf 89' lang='lat' dir='ltr'><strong>locum</strong></span> <span class='ocrx_word' id='word_1_240' title='bbox 1399 3351 1518 3418; x_wconf 87' lang='lat' dir='ltr'><strong>habuit</strong></span> 
     </span>
     <span class='ocr_line' id='line_1_30' title="bbox 348 3455 1518 3546; baseline 0.002 -23"><span class='ocrx_word' id='word_1_241' title='bbox 348 3456 382 3524; x_wconf 89' lang='lat' dir='ltr'><strong>Si</strong></span> <span class='ocrx_word' id='word_1_242' title='bbox 412 3464 546 3537; x_wconf 82' lang='lat' dir='ltr'><strong>constat,</strong></span> <span class='ocrx_word' id='word_1_243' title='bbox 574 3479 612 3523; x_wconf 85' lang='lat' dir='ltr'><strong>ea</strong></span> <span class='ocrx_word' id='word_1_244' title='bbox 640 3459 791 3523; x_wconf 84' lang='lat' dir='ltr'><strong>concione</strong></span> <span class='ocrx_word' id='word_1_245' title='bbox 818 3455 987 3523; x_wconf 87' lang='lat' dir='ltr'><strong>Catilinam</strong></span> <span class='ocrx_word' id='word_1_246' title='bbox 1017 3456 1092 3522; x_wconf 85' lang='lat' dir='ltr'><strong>nilril</strong></span> <span class='ocrx_word' id='word_1_247' title='bbox 1124 3459 1327 3546; x_wconf 83' lang='lat' dir='ltr'><strong>spectavisse,</strong></span> <span class='ocrx_word' id='word_1_248' title='bbox 1356 3461 1416 3525; x_wconf 89' lang='lat' dir='ltr'><strong>nisi</strong></span> <span class='ocrx_word' id='word_1_249' title='bbox 1445 3481 1518 3525; x_wconf 87' lang='lat' dir='ltr'><strong>con·</strong></span> 
     </span>
     <span class='ocr_line' id='line_1_31' title="bbox 348 3562 1518 3650; baseline 0.001 -20"><span class='ocrx_word' id='word_1_250' title='bbox 348 3563 494 3644; x_wconf 75' lang='lat' dir='ltr'><strong>arflatum,</strong></span> <span class='ocrx_word' id='word_1_251' title='bbox 517 3585 580 3629; x_wconf 86' lang='lat' dir='ltr'><strong>nna</strong></span> <span class='ocrx_word' id='word_1_252' title='bbox 601 3586 672 3628; x_wconf 87' lang='lat' dir='ltr'><strong>curu</strong></span> <span class='ocrx_word' id='word_1_253' title='bbox 694 3563 756 3629; x_wconf 91' lang='lat' dir='ltr'><strong>hoc</strong></span> <span class='ocrx_word' id='word_1_254' title='bbox 779 3572 962 3650; x_wconf 69' lang='lat' dir='ltr'><strong>arg-armento</strong></span> <span class='ocrx_word' id='word_1_255' title='bbox 976 3574 1081 3630; x_wconf 82' lang='lat' dir='ltr'><strong>cetera</strong></span> <span class='ocrx_word' id='word_1_256' title='bbox 1096 3562 1251 3631; x_wconf 87' lang='lat' dir='ltr'><strong>eiusmodi</strong></span> <span class='ocrx_word' id='word_1_257' title='bbox 1267 3565 1371 3631; x_wconf 87' lang='lat' dir='ltr'><strong>omnia</strong></span> <span class='ocrx_word' id='word_1_258' title='bbox 1386 3564 1518 3647; x_wconf 89' lang='lat' dir='ltr'><strong>caduat;</strong></span> 
     </span>
     <span class='ocr_line' id='line_1_32' title="bbox 349 3668 1519 3760; baseline 0.002 -24"><span class='ocrx_word' id='word_1_259' title='bbox 349 3672 417 3736; x_wconf 88' lang='lat' dir='ltr'><strong>siue</strong></span> <span class='ocrx_word' id='word_1_260' title='bbox 440 3669 539 3736; x_wconf 89' lang='lat' dir='ltr'><strong>dubio</strong></span> <span class='ocrx_word' id='word_1_261' title='bbox 559 3671 644 3735; x_wconf 84' lang='lat' dir='ltr'><strong>enim</strong></span> <span class='ocrx_word' id='word_1_262' title='bbox 660 3669 795 3736; x_wconf 81' lang='lat' dir='ltr'><strong>Catilina</strong></span> <span class='ocrx_word' id='word_1_263' title='bbox 811 3668 996 3736; x_wconf 81' lang='lat' dir='ltr'><strong>candidatus</strong></span> <span class='ocrx_word' id='word_1_264' title='bbox 1011 3692 1094 3736; x_wconf 88' lang='lat' dir='ltr'><strong>anno</strong></span> <span class='ocrx_word' id='word_1_265' title='bbox 1110 3673 1175 3738; x_wconf 84' lang='grc'><strong>666</strong></span> <span class='ocrx_word' id='word_1_266' title='bbox 1199 3681 1230 3736; x_wconf 87' lang='lat' dir='ltr'><strong>ct</strong></span> <span class='ocrx_word' id='word_1_267' title='bbox 1255 3673 1317 3739; x_wconf 86' lang='lat' dir='ltr'><strong>am</strong></span> <span class='ocrx_word' id='word_1_268' title='bbox 1335 3673 1519 3760; x_wconf 87' lang='lat' dir='ltr'><strong>petitionem</strong></span> 
     </span>
     <span class='ocr_line' id='line_1_33' title="bbox 350 3775 1520 3865; baseline 0 -21"><span class='ocrx_word' id='word_1_269' title='bbox 350 3799 438 3844; x_wconf 85' lang='lat' dir='ltr'><strong>suam</strong></span> <span class='ocrx_word' id='word_1_270' title='bbox 461 3778 587 3864; x_wconf 89' lang='lat' dir='ltr'><strong>saepius</strong></span> <span class='ocrx_word' id='word_1_271' title='bbox 611 3775 851 3858; x_wconf 83' lang='lat' dir='ltr'><strong>commendauit,</strong></span> <span class='ocrx_word' id='word_1_272' title='bbox 874 3798 945 3842; x_wconf 79' lang='lat' dir='ltr'><strong>crim</strong></span> <span class='ocrx_word' id='word_1_273' title='bbox 968 3775 1009 3843; x_wconf 86' lang='lat' dir='ltr'><strong>dc</strong></span> <span class='ocrx_word' id='word_1_274' title='bbox 1031 3778 1245 3844; x_wconf 88' lang='lat' dir='ltr'><strong>coniuratione</strong></span> <span class='ocrx_word' id='word_1_275' title='bbox 1265 3778 1342 3844; x_wconf 85' lang='lat' dir='ltr'><strong>nilril</strong></span> <span class='ocrx_word' id='word_1_276' title='bbox 1358 3779 1520 3865; x_wconf 73' lang='lat' dir='ltr'><strong>cogitaret,</strong></span> 
     </span>
     <span class='ocr_line' id='line_1_34' title="bbox 350 3882 1519 3972; baseline 0.004 -25"><span class='ocrx_word' id='word_1_277' title='bbox 350 3905 430 3970; x_wconf 88' lang='lat' dir='ltr'><strong>quae</strong></span> <span class='ocrx_word' id='word_1_278' title='bbox 454 3883 521 3948; x_wconf 85' lang='lat' dir='ltr'><strong>sola</strong></span> <span class='ocrx_word' id='word_1_279' title='bbox 543 3905 644 3971; x_wconf 87' lang='lat' dir='ltr'><strong>paene</strong></span> <span class='ocrx_word' id='word_1_280' title='bbox 666 3882 808 3949; x_wconf 89' lang='lat' dir='ltr'><strong>Sallustii</strong></span> <span class='ocrx_word' id='word_1_281' title='bbox 830 3883 971 3950; x_wconf 89' lang='lat' dir='ltr'><strong>oratione</strong></span> <span class='ocrx_word' id='word_1_282' title='bbox 994 3893 1153 3950; x_wconf 84' lang='lat' dir='ltr'><strong>tmctntur.</strong></span> <span class='ocrx_word' id='word_1_283' title='bbox 1187 3887 1237 3950; x_wconf 84' lang='lat' dir='ltr'><strong>Ac</strong></span> <span class='ocrx_word' id='word_1_284' title='bbox 1253 3907 1360 3972; x_wconf 82' lang='lat' dir='ltr'><strong>porro:</strong></span> <span class='ocrx_word' id='word_1_285' title='bbox 1384 3887 1519 3972; x_wconf 83' lang='lat' dir='ltr'><strong>priorem</strong></span> 
     </span>
     <span class='ocr_line' id='line_1_35' title="bbox 349 3989 1521 4080; baseline 0.003 -25"><span class='ocrx_word' id='word_1_286' title='bbox 349 3989 596 4056; x_wconf 78' lang='lat' dir='ltr'><strong>conimationcm</strong></span> <span class='ocrx_word' id='word_1_287' title='bbox 624 3989 725 4056; x_wconf 86' lang='lat' dir='ltr'><strong>Nouis</strong></span> <span class='ocrx_word' id='word_1_288' title='bbox 752 3989 933 4057; x_wconf 81' lang='lat' dir='ltr'><strong>Februariis</strong></span> <span class='ocrx_word' id='word_1_289' title='bbox 964 3993 1036 4056; x_wconf 90' lang='lat' dir='ltr'><strong>anni</strong></span> <span class='ocrx_word' id='word_1_290' title='bbox 1068 3993 1193 4080; x_wconf 71' lang='lat' dir='ltr'><strong>asama</strong></span> <span class='ocrx_word' id='word_1_291' title='bbox 1225 4013 1408 4079; x_wconf 85' lang='lat' dir='ltr'><strong>oppressam</strong></span> <span class='ocrx_word' id='word_1_292' title='bbox 1441 4013 1521 4072; x_wconf 81' lang='lat' dir='ltr'><strong>esse,</strong></span> 
     </span>
     <span class='ocr_line' id='line_1_36' title="bbox 351 4095 1518 4184; baseline 0.001 -21"><span class='ocrx_word' id='word_1_293' title='bbox 351 4095 520 4163; x_wconf 90' lang='lat' dir='ltr'><strong>Sallustius</strong></span> <span class='ocrx_word' id='word_1_294' title='bbox 544 4097 612 4184; x_wconf 86' lang='lat' dir='ltr'><strong>ipsc</strong></span> <span class='ocrx_word' id='word_1_295' title='bbox 635 4105 745 4162; x_wconf 88' lang='lat' dir='ltr'><strong>auctor</strong></span> <span class='ocrx_word' id='word_1_296' title='bbox 766 4107 830 4175; x_wconf 83' lang='lat' dir='ltr'><strong>est;</strong></span> <span class='ocrx_word' id='word_1_297' title='bbox 852 4095 1001 4184; x_wconf 87' lang='lat' dir='ltr'><strong>quidnam</strong></span> <span class='ocrx_word' id='word_1_298' title='bbox 1025 4095 1172 4178; x_wconf 86' lang='lat' dir='ltr'><strong>Catilina,</strong></span> <span class='ocrx_word' id='word_1_299' title='bbox 1194 4099 1285 4163; x_wconf 86' lang='lat' dir='ltr'><strong>cuius</strong></span> <span class='ocrx_word' id='word_1_300' title='bbox 1300 4099 1438 4164; x_wconf 72' lang='lat' dir='ltr'><strong>(arrianus</strong></span> <span class='ocrx_word' id='word_1_301' title='bbox 1454 4101 1518 4164; x_wconf 87' lang='lat' dir='ltr'><strong>im·</strong></span> 
     </span>
     <span class='ocr_line' id='line_1_37' title="bbox 347 4203 1521 4293; baseline 0.003 -25"><span class='ocrx_word' id='word_1_302' title='bbox 347 4225 459 4291; x_wconf 80' lang='lat' dir='ltr'><strong>parm</strong></span> <span class='ocrx_word' id='word_1_303' title='bbox 493 4224 550 4269; x_wconf 85' lang='lat' dir='ltr'><strong>uec</strong></span> <span class='ocrx_word' id='word_1_304' title='bbox 583 4203 706 4290; x_wconf 75' lang='lat' dir='ltr'><strong>aipiliis</strong></span> <span class='ocrx_word' id='word_1_305' title='bbox 739 4225 797 4269; x_wconf 85' lang='lat' dir='ltr'><strong>uer</strong></span> <span class='ocrx_word' id='word_1_306' title='bbox 835 4204 1001 4290; x_wconf 75' lang='lat' dir='ltr'><strong>parictibus</strong></span> <span class='ocrx_word' id='word_1_307' title='bbox 1034 4205 1144 4269; x_wconf 84' lang='lat' dir='ltr'><strong>sedari</strong></span> <span class='ocrx_word' id='word_1_308' title='bbox 1173 4210 1311 4289; x_wconf 79' lang='lat' dir='ltr'><strong>poterat,</strong></span> <span class='ocrx_word' id='word_1_309' title='bbox 1346 4227 1403 4293; x_wconf 86' lang='lat' dir='ltr'><strong>per</strong></span> <span class='ocrx_word' id='word_1_310' title='bbox 1437 4213 1521 4271; x_wconf 82' lang='lat' dir='ltr'><strong>totos</strong></span> 
     </span>
     <span class='ocr_line' id='line_1_38' title="bbox 352 4307 1521 4400; baseline 0.001 -24"><span class='ocrx_word' id='word_1_311' title='bbox 352 4309 489 4376; x_wconf 82' lang='lat' dir='ltr'><strong>sedecim</strong></span> <span class='ocrx_word' id='word_1_312' title='bbox 512 4331 637 4376; x_wconf 83' lang='lat' dir='ltr'><strong>menses</strong></span> <span class='ocrx_word' id='word_1_313' title='bbox 659 4307 793 4396; x_wconf 79' lang='lat' dir='ltr'><strong>agebat?</strong></span> <span class='ocrx_word' id='word_1_314' title='bbox 838 4311 890 4376; x_wconf 85' lang='lat' dir='ltr'><strong>An</strong></span> <span class='ocrx_word' id='word_1_315' title='bbox 913 4309 1018 4391; x_wconf 91' lang='lat' dir='ltr'><strong>homo,</strong></span> <span class='ocrx_word' id='word_1_316' title='bbox 1040 4312 1093 4398; x_wconf 88' lang='lat' dir='ltr'><strong>qui</strong></span> <span class='ocrx_word' id='word_1_317' title='bbox 1118 4309 1192 4376; x_wconf 90' lang='lat' dir='ltr'><strong>inde</strong></span> <span class='ocrx_word' id='word_1_318' title='bbox 1215 4309 1354 4377; x_wconf 86' lang='lat' dir='ltr'><strong>aSullac</strong></span> <span class='ocrx_word' id='word_1_319' title='bbox 1373 4311 1521 4400; x_wconf 86' lang='lat' dir='ltr'><strong>tempori·</strong></span> 
     </span>
     <span class='ocr_line' id='line_1_39' title="bbox 351 4415 1521 4508; baseline 0.004 -27"><span class='ocrx_word' id='word_1_320' title='bbox 351 4415 412 4482; x_wconf 93' lang='lat' dir='ltr'><strong>bus</strong></span> <span class='ocrx_word' id='word_1_321' title='bbox 428 4439 557 4504; x_wconf 84' lang='lat' dir='ltr'><strong>reguum</strong></span> <span class='ocrx_word' id='word_1_322' title='bbox 576 4415 714 4508; x_wconf 84' lang='lat' dir='ltr'><strong>petebat,</strong></span> <span class='ocrx_word' id='word_1_323' title='bbox 736 4427 799 4482; x_wconf 88' lang='lat' dir='ltr'><strong>tam</strong></span> <span class='ocrx_word' id='word_1_324' title='bbox 823 4415 877 4483; x_wconf 79' lang='lat' dir='ltr'><strong>aiu</strong></span> <span class='ocrx_word' id='word_1_325' title='bbox 900 4415 1078 4487; x_wconf 76' lang='lat' dir='ltr'><strong>otiabatur?</strong></span> <span class='ocrx_word' id='word_1_326' title='bbox 1122 4415 1379 4507; x_wconf 82' lang='lat' dir='ltr'><strong>Ilepetuurlauuu</strong></span> <span class='ocrx_word' id='word_1_327' title='bbox 1403 4418 1521 4486; x_wconf 85' lang='lat' dir='ltr'><strong>scilicet</strong></span> 
     </span>
    </p>
   </div>
   <div class='ocr_carea' id='block_1_5' title="bbox 0 0 1674 5120">
    <p class='ocr_par' dir='ltr' id='par_1_6' title="bbox 0 0 1674 5120">
     <span class='ocr_line' id='line_1_40' title="bbox 0 0 1674 5120; baseline 0 0"><span class='ocrx_word' id='word_1_328' title='bbox 0 0 1674 5120; x_wconf 95' lang='lat' dir='ltr'><strong> </strong></span> 
     </span>
    </p>
   </div>
  </div>
 </body>
</html>
