3274 5032
674 377 844 472 ..254

109 561 223 627 rudere
245 559 289 642 ad
311 558 502 648 opinionem
525 577 617 625 snam
642 558 910 625 confirmandam.
954 555 1108 624 lohnium
1129 557 1164 624 in
1180 579 1268 627 aare
1282 579 1402 642 errare,
1516 640 1521 648 Ι
1554 548 1563 619 .’

110 683 154 730 eu
177 661 248 745 lior,
270 660 356 748 quod
381 660 537 747 sequitur,
560 660 704 744 intelligi
725 665 842 746 potest
867 658 950 726 Nam
966 658 1075 745 eapite
1091 660 1401 729 emolumentium

110 762 273 851 (scilili.)
286 765 374 831 idem
390 760 452 829 Dio
470 767 591 845 narrat,
607 761 796 839 Catilinam,
818 782 892 829 cum
908 761 1059 844 uidisset,
1080 759 1187 845 legem
1203 761 1345 830 Tulliam
1362 763 1403 830 de

110 869 238 934 ambitu
261 868 296 934 in
318 887 354 932 se
378 867 488 952 ipsum
510 887 582 934 esse
603 867 826 949 constitutam,
848 885 985 932 inanum
1000 869 1197 932 armatorum
1213 865 1398 950 collegisse,

109 977 147 1036 ut
167 968 359 1037 Ciceronem
381 969 524 1034 cannitiis
547 968 773 1036 consularibus
789 972 938 1042 necaret;
961 965 1150 1034 Ciceronem
1166 955 1287 1052 liutem,
1310 969 1400 1038 haud

110 1073 259 1157 ignarum
284 1071 383 1138 liuius
405 1071 555 1159 periculi,
578 1077 654 1138 onita
678 1071 812 1138 conruitia
844 1070 980 1158 quuidem
1014 1069 1201 1138 consularia
1239 1075 1318 1140 anni
1352 1076 1408 1150 63.

110 1174 253 1251 insidias
276 1194 298 1240 a
318 1173 463 1241 Catilina
484 1174 548 1240 sibi
572 1178 705 1262 paratas
739 1171 1012 1256 communicasse,
1043 1170 1103 1238 sed
1138 1175 1169 1241 ei
1204 1174 1302 1242 fidem
1338 1198 1432 1246 non·

109 1299 183 1344 esse
200 1277 357 1344 habitam.
395 1277 460 1344 Sed
476 1297 549 1343 cum
566 1297 714 1344 rumores
730 1277 770 1343 de
785 1275 1011 1343 coniuratione
1026 1295 1087 1362 per
1101 1277 1257 1365 populum
1273 1301 1404 1367 perore-

108 1382 281 1449 bescereni
303 1386 337 1448 ei
360 1381 499 1470 populus
521 1381 701 1449 coniuratis
724 1380 819 1447 ualde
840 1386 928 1447 esset
951 1380 1066 1462 iratus,
1101 1380 1223 1448 iactuum
1252 1401 1337 1467 esse,
1370 1389 1407 1450 ui

109 1484 348 1552 coniurationis
381 1486 462 1552 socii
494 1486 630 1552 ceredam
666 1484 809 1550 comitiis
843 1483 926 1570 ipsis
960 1483 1188 1551 consularibus
1210 1484 1318 1552 iacere
1341 1507 1407 1554 non

108 1591 279 1657 auderent.
324 1587 440 1656 Nonne
463 1589 544 1656 satis
567 1587 629 1655 Dio
651 1586 785 1655 Cassius
815 1585 941 1673 probat,
964 1587 1220 1654 coniurationem
1244 1588 1311 1655 iam
1327 1595 1404 1657 ante

109 1693 245 1759 comitia
266 1691 453 1758 consularia
472 1691 602 1758 inisset
645 1688 724 1778 Ipsa
745 1689 845 1756 rerba
868 1689 1095 1774 epitomatoris
1131 1709 1191 1774 ,ea
1223 1691 1407 1758 coniuratio

109 1795 277 1862 iiulustria
300 1791 344 1860 ni.
366 1791 466 1860 Tullii
488 1792 656 1860 Ciceronis
678 1798 772 1860 eruta
793 1797 844 1858 est
860 1787 909 1876 ’(1.
947 1789 1035 1876 102.)
1064 1797 1099 1857 et
1134 1791 1295 1876 „Catilina
1326 1793 1407 1862 nrbe

109 1898 224 1985 pirlso“
249 1895 442 1963 Sallustium
477 1895 703 1983 epitomatorie
727 1895 849 1961 fontem
874 1915 938 1960 nou
963 1894 1064 1962 iuuisse
1086 1901 1184 1963 testes
1206 1901 1295 1962 sunt
1339 1894 1407 1964 Nee

109 2001 220 2067 minus
258 1999 361 2066 rerba
396 1999 432 2065 in
468 1997 585 2064 l.103.
622 1996 785 2082 ,Catilina
811 2017 832 2064 a
863 1994 897 2063 C.
931 1997 1077 2064 Antonio
1109 1996 1301 2084 proconsule
1334 2019 1407 2064 cum

109 2103 258 2171 exercitu
281 2121 397 2168 caesus
420 2101 488 2166 est“
506 2121 526 2167 a
543 2100 700 2168 Sallustio
716 2099 905 2182 abhorrent,
927 2099 1018 2186 apud
1031 2119 1127 2187 quem
1144 2100 1227 2167 nilril
1245 2100 1407 2168 eiusmodi

110 2203 326 2273 iiirouiatur.'
347 2203 411 2271 Sed
423 2224 520 2291 quam
534 2203 663 2271 incerta
678 2203 723 2268 sit
735 2203 964 2290 epitouratoris
981 2201 1108 2282 relatio,
1124 2222 1165 2270 ex
1182 2225 1247 2270 uino
1262 2197 1409 2291 exemplo

109 2310 192 2375 sutis
215 2309 332 2390 elucet,
355 2307 441 2394 quod
463 2312 516 2373 ast
536 2306 571 2372 iu
593 2305 615 2372 l.
643 2307 726 2387 103,
744 2305 799 2372 ubi
818 2305 873 2372 ille
888 2304 940 2372 liis
957 2305 1066 2373 uerbis
1083 2306 1187 2384 utitur
1204 2305 1268 2392 ,iu
1284 2304 1410 2392 Pupius
1439 2378 1447 2388 ,

109 2419 144 2478 et
167 2410 211 2479 ii.
236 2409 403 2478 Valerius.
449 2407 509 2476 llis
532 2407 723 2476 consulibus
756 2406 901 2488 Catilina
934 2407 970 2474 in
1005 2427 1085 2490 agro
1120 2407 1312 2478 Pistorieusi
1334 2431 1354 2477 a
1374 2407 1410 2477 C.

110 2515 256 2583 Antonio
279 2513 367 2580 bello
388 2515 578 2600 peremptus
601 2511 683 2594 est“,
706 2531 780 2577 riuum
803 2516 941 2594 constet,
966 2509 1107 2578 Manena
1128 2516 1162 2577 et
1183 2510 1294 2580 Silano
1334 2533 1411 2580 con·

113 2618 242 2685 sudibus
264 2615 444 2682 Catilinam
467 2613 641 2680 cecidisse.
688 2611 799 2699 iterque
821 2633 985 2696 erroneam,
1022 2634 1061 2680 ue
1085 2615 1222 2682 nimiam
1244 2615 1332 2682 Liuii
1352 2611 1411 2682 'eii-

111 2721 235 2809 cerptis
258 2720 355 2785 iidem
380 2717 518 2794 trabeam
552 2716 751 2804 praesertim
773 2737 847 2783 rum
872 2716 929 2782 illa
954 2737 1018 2782 uum
1041 2716 1145 2784 solum
1170 2711 1412 2803 exiguamque

112 2826 217 2894 exilia
238 2825 317 2909 siut,
342 2843 454 2891 verum
478 2824 578 2889 etiam
605 2843 672 2888 nou
695 2826 846 2888 acueurute
872 2843 910 2887 uc
933 2820 1123 2904 diligenter,
1147 2826 1182 2887 ut
1204 2841 1305 2908 supra
1326 2819 1412 2886 ridi·

113 2951 197 3012 mus,
219 2929 308 2994 iacta
329 2945 402 2992 esse
427 2927 617 2994 videantur.

280 3147 361 3241 Ο.
421 3147 849 3240 Diodorus
883 3147 1254 3240 Siculus

202 3339 274 3407 Duo
310 3339 493 3422 fragmenta
530 3335 669 3404 Diodori
686 3327 690 3335 “
705 3336 800 3404 nolus
834 3345 965 3404 servata
1001 3343 1080 3404 sunt
1116 3337 1156 3404 de
1191 3331 1414 3403 coniuratione
1525 3354 1530 3364 ·

113 3442 320 3526 Catilinaria,
342 3460 481 3527 quorum
505 3459 606 3505 uumm
631 3439 721 3526 apud
743 3437 775 3506 J.
800 3437 995 3507 Bekkerum
1018 3442 1112 3524 (tom.
1136 3437 1191 3522 lli,
1212 3437 1235 3506 l.
1255 3439 1310 3522 40,
1333 3437 1364 3505 5.
1379 3455 1414 3524 p.

118 3547 206 3630 196),
239 3545 377 3614 alterum
402 3541 492 3631 apud
514 3541 718 3610 Muellerum
741 3539 881 3625 (Histor.
904 3561 1014 3627 graec.
1035 3541 1154 3628 fragm.
1176 3540 1215 3626 ll,
1238 3560 1270 3629 p.
1292 3537 1415 3624 xxvi,

115 3647 154 3714 ir.
178 3647 247 3732 35.)
270 3647 456 3715 inuenitur.
514 3681 523 3704 ο
1174 3661 1199 3740 s

202 3749 351 3818 Primum
373 3753 476 3837 igitur
497 3753 647 3820 dieamus
673 3753 714 3820 de
739 3754 931 3838 fragmento,
954 3753 1042 3839 quod
1064 3753 1095 3821 J.
1112 3751 1285 3822 Bekkerue
1298 3750 1415 3820 edidit

117 3849 186 3919 lloc
208 3854 248 3922 de
271 3853 380 3937 rebus,
415 3855 607 3943 querneae
630 3860 808 3923 suntante
833 3857 919 3924 diem
944 3854 1017 3923 l'll.
1040 3855 1087 3924 ld.
1122 3855 1203 3924 Nor.
1236 3854 1315 3922 aurii
1347 3855 1412 3938 63,

116 3975 179 4042 qim
202 3957 258 4024 die
278 3955 393 4024 Cicero
416 3957 560 4044 primam
584 3957 764 4024 orationem
788 3959 823 4024 in
846 3956 1025 4024 Catilinam
1056 3956 1180 4041 luubuit,
1214 3957 1294 4042 agit
1338 3954 1416 4023 Dio·

117 4056 216 4126 dorus
239 4061 327 4154 enim
351 4065 472 4143 narrat,
495 4058 687 4143 Catilinam,
710 4080 785 4127 cum
807 4058 922 4127 Cicero
956 4059 993 4127 in
1026 4079 1102 4128 eum
1137 4061 1286 4128 inuectus
1319 4061 1417 4140 esset,

117 4160 253 4244 dixisse,
276 4181 347 4229 sese
371 4160 458 4229 ultro
481 4162 515 4229 in
539 4161 701 4230 exsilium
726 4183 789 4230 non
824 4162 946 4230 iturum
984 4183 1076 4236 esse..
1112 4160 1194 4229 Tum
1226 4160 1416 4229 Ciceronem

117 4269 285 4330 senatores
322 4285 466 4349 rogasse,
500 4285 578 4332 num
611 4263 769 4353 placeret,
801 4262 981 4332 Catilinam
1012 4265 1046 4332 in
1069 4263 1227 4332 exsilium
1248 4265 1308 4332 ire.
1352 4259 1416 4342 Qui

118 4387 191 4432 cum
214 4373 372 4448 tacerent,
393 4364 581 4434 Ciceronem
597 4368 730 4452 iterum,
754 4367 813 4433 sed
828 4367 894 4434 alio
911 4357 1008 4434 m'odo
1022 4386 1166 4452 rogasse,
1187 4386 1266 4433 nnm
1283 4363 1413 4433 senatui

117 4468 270 4553 placeret,
293 4466 469 4536 Catilinam
491 4470 525 4536 in
548 4469 703 4537 exsilium
727 4490 792 4564 non
807 4468 867 4536 ire.
912 4468 1069 4536 Senatum
1085 4474 1196 4536 autem
1212 4467 1415 4551 declarasse,

118 4570 182 4637 sibi
206 4591 270 4638 nou
288 4569 435 4660 placere,
457 4577 491 4638 et
514 4571 633 4638 iratum
657 4570 754 4640 alteri
777 4571 941 4656 rogationi
961 4569 1076 4639 inisse.
1119 4566 1187 4649 Quo
1210 4569 1297 4638 iacto
1322 4567 1418 4636 Ciee·
