3274 5032
258 603 486 691 negligentiam
507 606 723 700 otiositatem
744 602 934 674 ostendisse.
978 599 1042 669 Sod
1063 601 1143 670 fides
1158 601 1312 669 Sallustio
1327 607 1379 668 est
1392 600 1544 668 habenda

260 707 295 774 in
317 707 371 789 iis,
392 726 464 794 qnae
484 709 525 775 de
548 706 730 776 Catilinarii
752 707 915 777 exereitus
937 711 1024 773 sorte
1045 687 1169 788 (confer
1191 725 1219 770 c.
1255 703 1410 786 56-61.)
1445 704 1542 786 dixit,

260 809 323 877 et'
314 830 350 876 ra
366 810 418 894 iis,
440 830 512 898 qnae
535 831 598 878 noo
620 810 725 878 solum
747 831 768 878 a
788 810 954 906 Cicerone,
988 809 1046 878 scd
1077 829 1099 875 a
1130 808 1349 896 scriptoribus
1384 812 1541 895 temporis

258 911 446 999 posterioris
465 913 707 979 confirmantur.
750 911 842 990 Quod
875 911 961 979 ad
951 929 1042 998 rpsos
1079 910 1194 992 renas,
1230 928 1311 996 quos
1347 907 1538 979 Sallustium

258 1018 405 1081 secutum
427 1033 496 1082 esse
517 1033 578 1102 pro
599 1018 687 1080 certo
712 1012 877 1094 habemns,
906 1011 1061 1098 pertinet,
1096 1011 1190 1078 nobis
1212 1010 1457 1078 concedendum
1479 1019 1539 1092 est,

257 1114 351 1181 illum
373 1117 548 1182 maximam
572 1121 697 1204 partem
732 1113 928 1182 narrationis
962 1131 1031 1180 sura
1062 1133 1080 1179 o
1113 1112 1319 1180 scnuonibus
1351 1115 1538 1201 aequalium

257 1216 347 1284 illins
369 1218 521 1305 temporis
543 1223 575 1286 et
590 1241 606 1286 e
621 1220 779 1286 memoria
793 1237 854 1284 sua
869 1216 1027 1298 hausisse,
1046 1216 1102 1283 scd
1118 1216 1258 1302 scriptos
1274 1235 1401 1304 quoqne
1422 1218 1539 1302 tontes,

259 1319 293 1386 id
310 1325 371 1403 est,
386 1318 512 1388 tabulas
527 1320 674 1408 publicas
689 1329 724 1388 et
736 1319 904 1389 Ciceronis
919 1319 1085 1386 orationes
1095 1315 1306 1384 Catilinarias
1318 1324 1539 1408 excerpsisse.

340 1419 543 1490 Postremum
564 1422 645 1490 mihi
664 1423 763 1491 liceat
783 1427 945 1511 repetere,
967 1440 1042 1508 qua
1063 1422 1144 1488 satis
1160 1422 1310 1489 ‹locarisse
1329 1421 1410 1489 mihi
1425 1423 1538 1491 ridear

252 1520 300 1611 (p.
330 1523 440 1610 2-5),
483 1525 673 1594 Sallustium
718 1525 803 1593 bunc
835 1525 957 1592 librum
994 1525 1035 1592 de
1080 1525 1304 1591 coniuratione
1341 1524 1539 1592 Cartilinaria

256 1627 441 1714 scripsisse,
481 1649 545 1716 quo
578 1627 749 1697 Caesarem
782 1648 803 1695 a
841 1627 1078 1696 coniurationis
1115 1626 1301 1713 suspicione
1344 1626 1537 1693 detenderet

251 1748 391 1816 eumque
415 1729 476 1798 hoc
496 1731 635 1799 crimine
658 1736 823 1819 purgaret.

427 2083 441 2090 ..
462 1957 549 2045 E.
609 1955 839 2046 Livia
868 1881 1325 2044 Pemiocltaae.

336 2139 395 2226 Ea,
416 2162 486 2229 qua
510 2144 603 2212 nobis
625 2144 756 2232 prodita
791 2148 870 2210 sunt
904 2162 946 2209 ex
980 2139 1016 2209 T.
1053 2140 1138 2208 Liuii
1176 2141 1270 2207 libris
1304 2140 1365 2207 sub
1398 2143 1532 2209 nomine

249 2241 452 2328 ,remanat
476 2267 541 2313 nou
563 2245 701 2313 multum
725 2246 802 2312 nori
824 2245 867 2312 ad
893 2244 1063 2312 historiam
1078 2245 1315 2312 conirnutionis
1330 2244 1533 2313 Catilinarire

14 2319 38 2457 l}
216 2411 219 2418 ,
248 2346 465 2415 enarrandam
486 2347 637 2416 afferunt

334 2447 426 2530 Quod
442 2451 483 2520 ad
498 2453 614 2537 tontes,
628 2472 708 2543 quos
723 2451 852 2518 Livium
868 2457 1016 2519 secutum
1032 2470 1104 2516 esse
1121 2451 1302 2519 uerisimile
1317 2457 1378 2534 est,
1401 2453 1531 2526 attinet,
1578 2424 1589 2464 ³

248 2549 334 2620 Dbbi
357 2555 483 2638 (confer
498 2557 570 2622 eiua
585 2547 904 2638 commentationem,
926 2571 1000 2641 quae
1015 2553 1209 2620 inscribitur
1225 2554 1328 2639 ,aner
1343 2554 1397 2622 dia
1409 2554 1530 2640 junge·

36 2682 41 2743 1
90 2629 109 2747 ⁵]
246 2675 307 2722 reu
328 2655 461 2734 Quellen
484 2657 544 2724 der
565 2657 735 2725 Catilinar.
758 2655 1033 2740 Verschwdrung,
1048 2657 1086 2722 in
1100 2657 1133 2722 d.
1148 2656 1263 2724 dalrrb.
1280 2658 1334 2723 tin
1348 2655 1529 2741 Philologie

248 2757 319 2824 113.
342 2756 402 2826 Bd.
428 2759 519 2826 1816.
541 2778 573 2847 p.
596 2758 697 2845 aaa),
718 2779 761 2826 ex
784 2779 833 2842 eo,
849 2757 938 2846 qnod
954 2757 1042 2824 Liuii
1065 2759 1264 2845 epitomator
1278 2755 1299 2824 l.
1321 2760 1391 2824 lOl.
1408 2757 1532 2826 Sullana

245 2864 279 2927 et
306 2862 501 2929 Autronium
537 2863 772 2929 coniurationis
805 2861 927 2948 prioris
960 2865 1107 2928 unctores
1141 2861 1298 2944 nominat,
1337 2860 1532 2929 concludere

15 2935 42 2951 χ’
91 2937 109 3055 '⁵
246 2963 384 3050 ridetur,
406 2963 602 3048 Suetonium,
624 2965 680 3052 qui
704 2965 754 3051 (in
778 2965 855 3031 divo
876 2962 970 3030 Jrrlio
992 2985 1020 3030 r.
1048 2962 1095 3048 9.)
1130 2968 1371 3046 commemorat,
1408 2963 1531 3032 Sullam

40 3157 43 3173 Ι
93 3066 110 3177 Ιἰ
245 3065 280 3130 in
302 3064 399 3134 huius
421 3067 657 3135 coniurationis
672 3068 772 3135 sociis
787 3068 902 3152 inisse,
925 3068 1053 3134 eisdem
1069 3066 1229 3150 lontibus,
1251 3066 1373 3155 quihus
1388 3065 1532 3150 Liuium,

245 3185 443 3237 assensum
486 3167 551 3236 Sed
574 3171 746 3256 quominus
777 3169 838 3237 hoc
870 3175 1037 3258 putemus,
1071 3170 1212 3258 impedit
1232 3190 1294 3236 nos
1315 3169 1461 3237 maxime
1485 3170 1531 3253 id,

105 3268 110 3302 ³
242 3266 327 3356 qn‘od
348 3269 466 3340 Caesar
499 3277 532 3337 et
563 3267 700 3340 Crassus
734 3273 824 3360 apud
859 3270 1052 3338 Suetonium
1089 3269 1326 3338 coniurationis
1362 3271 1549 3358 principes

242 3368 402 3455 dicuntur,
425 3391 498 3438 cnm
520 3372 610 3460 apud
633 3371 720 3439 Livii
744 3373 994 3460 epitomatorem
1018 3371 1102 3440 nibil
1126 3372 1168 3439 de
1190 3392 1232 3439 ea
1254 3393 1289 3440 re
1313 3373 1515 3441 inveniatur.

325 3471 361 3540 1.
386 3473 455 3542 102.
498 3473 590 3554 Quod
612 3473 754 3543 Johnius
776 3475 858 3543 dicit
878 3475 927 3562 (p.
953 3475 1041 3559 136),
1064 3475 1317 3563 epitomatorem
1341 3476 1393 3543 his
1418 3476 1529 3544 verbis

243 3573 298 3658 ,h
312 3573 455 3644 Catilina
470 3576 522 3644 bis
537 3577 703 3664 repulsam
718 3578 753 3644 in
768 3578 932 3665 petitione
950 3577 1142 3644 consulatus
1157 3597 1274 3666 passus
1289 3599 1363 3646 cnm
1389 3577 1530 3647 Lentulo

239 3685 387 3764 praetore
409 3684 445 3746 et
464 3677 604 3763 Cethego
626 3678 910 3768 compluribusque
935 3678 1011 3746 aliis
1034 3680 1220 3747 coniuravit
1242 3679 1283 3747 de
1318 3681 1417 3750 caede
1450 3702 1529 3750 con·

240 3778 347 3846 sulum
379 3785 412 3848 et
442 3781 594 3847 senatus‘
630 3781 865 3848 coniurationis
893 3780 1029 3848 initium
1064 3785 1140 3849 ante
1174 3782 1308 3850 comitia
1340 3784 1530 3853 consularia

239 3882 319 3949 anni
340 3884 392 3952 63.
413 3901 478 3950 non
492 3883 655 3964 statuisse,
679 3882 738 3950 lroc
752 3889 802 3951 est
817 3883 1070 3971 repudiandum.
1114 3882 1175 3951 Cui
1190 3889 1320 3954 tautum
1337 3886 1372 3953 id
1388 3906 1528 3977 oppono,

239 3985 325 4071 quod
345 4007 385 4054 er
409 3986 469 4055 hac
489 3991 557 4052 tam
578 3984 718 4074 abrupta
743 3981 930 4053 narratione
957 3986 1160 4070 concludere,
1176 3989 1434 4058 coniurationem
1451 3998 1526 4060 aute

239 4089 373 4156 comitia
393 4089 579 4157 consularia
600 4089 679 4155 anai
701 4090 753 4156 63.
770 4089 914 4156 nondum
931 4089 1044 4172 fuisse,
1071 4109 1137 4162 non
1157 4087 1244 4158 licet.
1289 4089 1403 4180 Neque
1418 4093 1526 4180 pluris

238 4189 439 4258 aestimanda
459 4197 510 4259 est
531 4190 609 4260 haec
629 4191 744 4260 Johnii
766 4193 933 4260 sententia
954 4191 1039 4279 (uid.
1073 4213 1106 4280 p.
1143 4193 1242 4279 166.,)
1277 4192 1383 4262 locum
1417 4195 1524 4265 Cassii

237 4290 352 4360 Dionis
385 4293 452 4379 (31,
478 4291 556 4378 30.),
590 4294 646 4361 ubi
679 4292 761 4361 dicit
798 4291 1197 4379 ᾖ1111οὔτωςῦπαταίτε
1220 4299 1322 4384 lrrpor
1356 4295 1526 4393 p‘pe'itqouv

194 4421 199 4429 ·
235 4403 290 4461 aul
308 4397 426 4476 ἐκεῖνος
445 4395 532 4482 (scil.
555 4397 750 4480 Κατιλίνας)
772 4397 876 4463 oaxen
905 4392 1038 4516 λάθρα.
1056 4395 1133 4464 oddlr
1168 4398 1223 4463 ἐπὶ
1258 4420 1319 4465 ror
1355 4403 1525 4484 Κικέρωνα

235 4494 309 4576 τούς
328 4521 363 4565 rr
383 4496 444 4567 aar·
465 4497 553 4586 edroi
573 4496 703 4584 μόνους,
725 4497 811 4565 ἄλλα
832 4513 888 4566 και
909 4500 964 4566 ἐπὶ
984 4499 1058 4566 πᾶν
1080 4523 1117 4565 ro
1139 4523 1252 4567 aornos
1272 4499 1525 4590 alcimedontis

235 4601 394 4689 uuro'orq,l
417 4621 511 4688 quem
533 4563 641 4670 locum
659 4601 753 4669 illum
768 4621 812 4669 ex
827 4601 923 4669 Liuio
938 4600 1089 4669 hausisse
1108 4600 1287 4670 uerisimile
1307 4605 1362 4687 sit,
1384 4603 1525 4670 multum
