3308 5120
681 523 722 592 75

119 724 259 812 Pompeii
290 730 435 810 coeptum
463 744 548 802 esse;
581 721 632 788 bie
662 732 783 802 nutem,
816 745 879 809 qua
906 732 975 788 crat
1006 733 1117 790 nature
1148 723 1288 806 inhabili,

95 854 174 918 -per
206 853 331 895 omnem
364 830 463 895 vitam
494 827 570 893 nihil
605 829 679 910 luit,
717 829 777 894 nisi
807 831 1051 895 inst-mmcntum
1080 831 1112 897 in
1142 832 1288 898 rrrenibus

116 937 276 1003 homiuum
304 934 564 1016 tractabilionrm,
593 936 646 1001 ubi
669 958 687 998 e
709 935 793 1001 bello
816 935 956 1000 revertit
1002 935 1171 1004 Sallustius
1194 939 1290 1024 igitur

44 1043 49 1053 '
117 1044 313 1133 popularium
330 1041 472 1130 partibus
489 1043 532 1107 ite
548 1041 674 1107 videtur
688 1040 833 1107 addictus
848 1041 956 1121 luisse,
972 1051 1008 1107 ut
1023 1043 1289 1130 simplicissimum

117 1149 332 1216 adversarium
356 1151 424 1214 sine
448 1149 493 1214 im
516 1171 552 1214 ne
576 1145 681 1214 studio
704 1146 876 1214 diiudicare
899 1171 961 1214 non
985 1158 1102 1236 posset

223 1256 292 1321 Ium
323 1257 436 1320 itcmm
466 1277 668 1342 «persentimus,
699 1277 779 1342 quoe
812 1257 855 1322 sit
884 1257 965 1320 nitio
999 1255 1069 1321 libri
1094 1254 1287 1324 Sallustiani.

118 1362 214 1428 Liber
236 1365 305 1451 ipse
328 1385 398 1427 eum
422 1362 556 1450 simplici
580 1372 613 1427 ct
633 1363 737 1449 prison
759 1360 907 1442 dictione,
930 1370 997 1426 tum
1020 1361 1138 1429 crebris
1154 1362 1291 1429 effinun·

119 1470 256 1536 tionibus
280 1471 415 1534 maxime
439 1459 581 1534 ueritatis
605 1469 740 1556 speeiem
771 1468 874 1534 hebet,
914 1467 1049 1534 Morulie
1072 1479 1291 1558 praeceptus

118 1575 230 1664 quibus
254 1574 384 1657 orditur,
413 1576 613 1664 permittunt,
644 1586 680 1641 ut
708 1598 830 1640 summu
860 1584 1081 1663 exspectemus
1104 1584 1160 1641 aut
1181 1584 1292 1665 postu-

119 1683 217 1748 lemus
222 1707 232 1764 3
264 1682 325 1748 boc
355 1683 473 1748 rnomle
496 1681 621 1748 dicendi
644 1705 743 1769 genus
762 1691 867 1747 ntmm
897 1683 1017 1746 utretori
1045 1690 1290 1749 consentaneum

120 1813 158 1856 uu
181 1799 247 1856 erte
269 1799 485 1877 comparatum
509 1789 559 1868 sit,
586 1788 663 1853 nihil
690 1789 797 1869 refert,
823 1811 925 1874 oeque
955 1789 1038 1854 enim
1066 1811 1107 1854 ex
1129 1790 1292 1877 scriptoris

120 1909 238 1979 nutrire,
261 1895 318 1962 sed
341 1919 381 1962 ex
404 1918 440 1961 se
464 1897 533 1983 ipso
555 1894 636 1961 liber
657 1893 883 1961 examinandus
914 1903 973 1962 est.
1019 1894 1059 1961 Iu
1083 1894 1163 1962 libro
1185 1905 1291 1962 cutem

120 2027 169 2069 ros
192 2015 224 2070 et
246 2002 327 2069 tincta
357 2025 451 2090 saepe
479 2001 559 2068 mule
584 2003 751 2083 intellectu,
777 2003 892 2068 vitiose
920 2003 1104 2090 composite,
1133 2001 1291 2078 interdum

121 2109 253 2176 distorta
275 2119 364 2192 sunt;
387 2110 515 2176 crebrae
539 2111 773 2197 repugnantiae,
795 2133 874 2195 quae
891 2107 964 2176 inde
980 2110 1134 2191 oriuntur,
1157 2109 1293 2198 psycho-

120 2217 220 2302 logieo
243 2217 501 2304 interpretatione
525 2216 623 2304 magis
646 2215 881 2297 obumbrantur,
903 2239 998 2304 (pram
1021 2216 1203 2298 solvuntur,
1234 2225 1292 2282 eut

121 2323 172 2390 ubi
203 2322 235 2389 id
263 2325 328 2390 lieri
357 2348 420 2389 nnn
449 2323 566 2412 potuit,
594 2324 721 2389 omnino
750 2323 964 2412 negleguntur.
1010 2321 1158 2389 Studium
1186 2333 1219 2390 et
1247 2324 1292 2391 ira

122 2429 285 2497 manifesta
307 2439 390 2512 sunt,
409 2440 504 2518 etque
519 2429 730 2519 proeiudimtn
746 2430 891 2496 lectionis
907 2430 1015 2520 opinio
1031 2453 1094 2496 non
1110 2417 1293 2518 rero'putet.

121 2537 212 2616 erce
235 2559 306 2603 cum
326 2538 371 2602 ite
387 2538 460 2618 sint,
482 2539 544 2603 iam
559 2537 732 2624 antiquitus
748 2538 844 2619 fuere,
865 2538 919 2623 qui
935 2535 1086 2618 dicerent,
1108 2535 1293 2604 Sallustium

121 2644 153 2709 iu
174 2643 308 2710 honesto
331 2666 389 2709 suo
413 2643 544 2710 exordio
566 2643 763 2710 simulavisse
779 2666 906 2730 mugnus
922 2644 1067 2727 virtutes,
1089 2667 1152 2731 quo
1167 2643 1293 2710 lucilius

121 2751 179 2816 boc
194 2750 292 2816 nobili
308 2752 416 2838 speeie
432 2750 619 2818 sententium
635 2774 724 2816 sunm
739 2751 901 2839 pmburct;
916 2752 1058 2818 nonnulli
1071 2753 1165 2817 ctiam
1177 2751 1293 2818 librum

32 2917 34 2922 .
121 2880 252 2924 mercem
266 2856 444 2923 triundamm
457 2858 556 2924 fuisse
568 2869 766 2924 censuerunt
789 2857 969 2924 Mommsen
981 2859 1118 2948 scripsit,
1133 2881 1172 2924 ex
1185 2857 1294 2924 mode·

121 2968 238 3030 ratione
264 2965 427 3052 scriptoris
453 2987 516 3030 uon
538 2966 641 3052 sequi,
673 2976 708 3029 ut
729 2961 865 3046 ‘nullee,
894 2965 951 3032 scd
975 2975 1011 3032 ut
1033 2967 1133 3033 bonae
1156 2966 1292 3054 partium

121 3065 242 3137 literne'
260 3073 333 3138 sint
362 3071 443 3139 lobn
460 3095 479 3138 e
495 3073 651 3137 murtmrio
667 3081 766 3160 putat,
781 3095 821 3138 ex
836 3072 917 3138 libro
934 3073 1004 3161 ipso
1014 3097 1175 3162 apparere,
1190 3073 1295 3141 Sullu-

121 3179 213 3243 stium
237 3187 300 3243 tam
324 3177 507 3246 mendacem
531 3202 592 3246 non
616 3178 732 3258 fuisse3
768 3180 860 3245 nimis
883 3179 1012 3267 quidem
1035 3180 1187 3247 uniducter
1208 3180 1292 3248 Iobn

121 3285 332 3366 iudicavisset,
356 3286 382 3350 si
406 3287 525 3352 nullum
549 3295 673 3374 pmcter
694 3287 755 3352 boc
783 3311 863 3375 opus
886 3287 1028 3353 Sallustii
1050 3297 1203 3368 exstnret3
1235 3287 1294 3354 sed

121 3392 270 3458 babemus
286 3392 354 3458 eius
370 3393 468 3459 libros
484 3394 571 3473 ulios,
594 3395 626 3459 in
642 3382 755 3481 quibus
771 3418 865 3462 eurise
881 3394 1051 3461 mentiendi
1069 3419 1132 3460 non
1148 3404 1224 3477 erat,
1238 3397 1291 3483 qui

122 3499 264 3566 similiter
283 3502 393 3588 scripti
410 3509 493 3581 suut
509 3541 551 3551 —
567 3501 679 3566 Perse
695 3501 896 3588 intellegitur,
918 3501 1035 3568 multos
1050 3525 1175 3590 quoque
1190 3501 1294 3569 Sullu-

123 3607 217 3673 stium
239 3605 429 3690 defendisse,
453 3610 489 3696 iu·
509 3607 623 3695 quibus
646 3609 731 3673 Buur
753 3619 923 3690 asseveret,
946 3633 981 3674 se
1004 3610 1134 3691 nescire,
1155 3608 1232 3697 quid
1250 3602 1294 3675 ud

122 3713 320 3780 scribendum
338 3737 408 3780 eum
427 3715 595 3804 impulerit,
618 3715 677 3780 nisi
695 3715 837 3781 ueritatis
861 3727 892 3782 et
915 3715 1066 3782 historiae
1089 3714 1237 3782 studium.
1250 3755 1292 3767 —

227 3823 313 3887 Ante
343 3823 449 3886 omnin
480 3819 681 3888 statuendum
713 3831 779 3904 cst,
815 3822 997 3889 Sallustium
1032 3846 1094 3888 non
1128 3823 1293 3912 scripsisse

123 3927 210 3993 iussu
232 3928 419 4016 potentioris
443 3927 584 3994 alicuius
629 3929 747 3995 Caesar
769 3930 850 3994 euim
875 3930 937 3996 iarn
959 3939 1101 3995 mortuus
1124 3939 1200 4012 erat,
1221 3953 1294 3996 cum

123 4031 289 4098 Sallustius
313 4033 449 4100 scribere
473 4034 635 4122 inciperet,
664 4059 764 4123 nequo
788 4037 855 4102 eius
878 4035 1011 4102 heredes
1035 4036 1111 4102 nibil
1134 4037 1294 4126 antiquius

121 4138 292 4219 habebunt,
322 4163 416 4227 quam
447 4150 483 4206 ut
512 4142 579 4207 eius
611 4145 791 4208 memorium
819 4142 918 4209 literis
947 4154 1127 4232 purgarent.
1179 4143 1293 4232 Neque

123 4245 172 4310 lris
204 4245 370 4333 populures
402 4248 503 4334 magis
535 4249 656 4336 accepti
689 4258 720 4315 et
752 4248 833 4337 groti
856 4260 954 4330 erent,
984 4274 1079 4339 quum
1111 4252 1294 4340 optimates,

123 4353 240 4419 Caesar
262 4357 400 4443 speeiem
430 4355 619 4444 reipublicae
650 4367 840 4440 servaverut,
864 4356 896 4422 hi
920 4367 1029 4446 ulterte
1052 4381 1182 4446 rcfflrmn
1204 4367 1295 4447 pete·
