3274 5032
19 213 1627 278 .··-:···'''
1078 211 1082 218 ι
1213 277 1326 294 ⁸
1504 210 1507 216 ¹
1608 225 1612 232 “

247 619 310 692 Sed
332 625 499 710 praeterea
526 605 622 692 nobis
652 627 703 691 est
736 621 938 703 mirandum,
973 621 1168 709 scriptorem
1201 620 1311 690 serbis
1351 624 1430 706 „uti,
1466 643 1539 688 oum

244 723 386 794 Catilina
408 726 442 793 in
465 745 581 812 agrum
612 725 834 793 Faesulanum
867 743 942 790 oum
975 725 1123 791 exercitu
1160 725 1311 808 venisset,
1345 723 1382 792 L.
1419 723 1540 820 Bestia,

243 833 284 893 tr.
308 827 422 916 plebis,
444 867 484 880 -
507 834 707 915 quereretur
732 828 774 896 de
807 826 995 894 actionibus
1027 821 1195 895 Ciceronis
1218 827 1289 894 etc“
1328 846 1424 893 usum
1460 847 1540 904 esse,

239 928 359 1016 quibus
381 935 509 1018 tempus
531 931 712 1006 destinaret
734 931 972 1024 indicaretque,
1006 947 1071 1015 quo
1104 929 1281 1022 consilium
1296 930 1539 996 coniuratorum

241 1033 458 1120 perficeretur·
502 1032 650 1122 Denique
673 1033 861 1119 negandum
885 1051 951 1098 non
965 1035 1025 1110 est,
1051 1030 1268 1116 differentiam
1284 1031 1452 1118 quandam
1471 1053 1540 1100 esso

241 1134 326 1203 inter
346 1137 445 1204 rerba
466 1139 510 1222 (o.
530 1139 584 1217 43,
607 1136 649 1221 ,.)
673 1137 739 1221 ,At
756 1134 868 1201 Romae
883 1131 1044 1200 Lentulus
1059 1153 1135 1199 cum
1151 1135 1275 1213 ceteris,
1300 1133 1358 1220 qui
1374 1134 1540 1221 principes

243 1239 480 1307 coniurationis
503 1245 608 1323 erant,
637 1239 890 1320 constituerant,
926 1237 987 1317 uti,
1021 1257 1098 1305 eum
1121 1234 1267 1305 Catilina
1289 1239 1361 1308 etc“
1385 1243 1418 1308 et
1441 1237 1542 1308 cerba

242 1343 284 1424 (a.
304 1342 358 1422 43,
380 1342 421 1426 ,.)
445 1343 550 1428 ,inter
573 1341 654 1412 haee
677 1347 793 1429 parata
815 1345 912 1427 atque
936 1339 1069 1408 decreta
1089 1338 1256 1425 Cethegus
1277 1363 1410 1430 semper
1425 1343 1560 1432 quare·'

231 1443 338 1534 *hatur
359 1443 401 1512 de
424 1446 556 1530 ignauia
576 1446 741 1513 sociorum
764 1443 836 1510 eto“
862 1443 989 1528 (confer
1013 1441 1125 1524 unos,
1148 1463 1181 1530 p.
1212 1443 1280 1526 311).
1335 1444 1429 1525 Quod
1463 1467 1540 1514 con·

241 1546 352 1614 silium
374 1548 619 1615 coniuratorum
642 1569 683 1614 ex
697 1546 901 1634 aequalibus,
917 1545 952 1611 id
968 1550 1029 1630 est,
1045 1566 1087 1612 ex
1103 1547 1282 1614 traditione
1300 1547 1428 1633 uulgari
1447 1550 1539 1617 illum

224 1651 431 1748 sumpsisse,
454 1649 516 1718 hoo
538 1671 613 1718 oum
635 1649 741 1730 rerba
763 1648 807 1734 (o.
829 1649 882 1730 43,
903 1646 947 1729 ,.)
973 1652 1044 1730 „set
1059 1667 1099 1714 ea
1115 1649 1225 1716 diuisa
1248 1651 1308 1718 boc
1330 1651 1427 1718 modo
1451 1652 1540 1721 dioe-

241 1751 378 1820 bantur“
396 1758 465 1820 tum
479 1753 581 1823 rerba
596 1754 637 1839 (c.
651 1754 705 1838 43,
721 1751 772 1836 ,.),
786 1773 861 1840 quaa
876 1751 932 1819 ille
947 1749 1127 1836 Cethegum
1143 1753 1231 1842 apud
1243 1753 1350 1821 socios
1364 1754 1540 1823 facientem

247 1855 349 1942 lingit,
384 1857 564 1925 verisimile
597 1856 742 1924 reddunt
775 1857 905 1936 (confer
937 1855 1049 1937 Duos,
1073 1855 1282 1950 (11441139.
1306 1855 1417 1942 exta).
1461 1855 1552 1936 Quae·

243 1979 316 2026 cum
346 1960 395 2026 ita
428 1961 506 2042 sint,
540 1963 650 2028 tamen
674 1979 741 2026 non
763 1959 933 2043 hahemus,
956 1979 1015 2025 eur
1040 1958 1230 2026 dubitamus
1254 1959 1295 2026 da
1319 1957 1381 2027 hoo
1402 1961 1540 2028 oonsilio

243 2063 495 2146 coniurationis;
511 2062 702 2149 praesertim
717 2082 790 2129 cum
807 2061 920 2130 Cicero
936 2061 1009 2150 ipse
1026 2061 1187 2128 nonnulla
1201 2063 1381 2141 confirmet,
1397 2061 1541 2147 Cethego

244 2183 317 2244 oum
331 2163 445 2232 ceteris
460 2164 695 2232 coniurationis
707 2164 848 2232 ducibus
860 2164 1125 2231 controversiam
1138 2163 1242 2230 luisse
1255 2163 1305 2246 (in
1320 2161 1542 2248 Cat.lll,10.);

242 2267 427 2334 coniuratos
448 2267 670 2352 constituisse,
692 2274 731 2334 ut
750 2270 963 2354 erumperent
984 2266 1087 2334 caedo
1109 2266 1200 2333 iacta
1220 2265 1264 2333 ad
1287 2264 1465 2352 Catilinam
1489 2267 1540 2352 (in

243 2367 312 2436 Cat
336 2368 392 2448 lll,
415 2370 453 2449 83
475 2367 531 2450 lv,
553 2369 611 2454 4.).
656 2367 719 2437 Sed
738 2389 825 2452 crum,
848 2373 885 2436 ut
899 2370 1103 2436 sententiam
1120 2375 1264 2436 nostram
1284 2369 1542 2453 corroboremus,

244 2473 329 2541 inter
350 2470 541 2540 Sallustium
563 2480 597 2541 et
616 2471 808 2540 Ciceronem
832 2472 872 2540 de
894 2471 955 2562 hoo
977 2472 1116 2539 consilio
1149 2473 1292 2539 maiores
1326 2471 1538 2541 diversitates
1570 2463 1581 2511 '-

245 2594 341 2664 quam
364 2575 591 2644 conuenientia
611 2578 679 2643 sint
700 2576 830 2659 (oonler
853 2575 896 2642 ad
919 2575 954 2641 id
979 2575 1069 2642 looos
1092 2573 1240 2642 Ciceron.
1264 2575 1300 2640 in
1314 2573 1385 2642 Cat
1401 2574 1458 2658 lv,
1483 2577 1539 2671 ¹33

246 2698 305 2767 pro
327 2675 420 2745 Sulla
439 2678 460 2757 1
480 2679 539 2755 53ς
561 2679 597 2747 in
618 2677 690 2746 Cat
713 2676 770 2760 lll,
807 2679 858 2744 10.
896 2678 957 2757 11,
993 2677 1050 2745 uhi
1084 2676 1198 2745 Cicero
1235 2678 1275 2745 de
1310 2677 1543 2747 Saturnalibus

246 2781 343 2860 dicit;
364 2781 477 2849 rideas
510 2787 679 2869 praeterea
700 2779 812 2862 Dibi,
846 2780 924 2848 diss.
948 2799 981 2867 p.
1003 2782 1057 2847 38.
1080 2778 1159 2865 39.)‚
1183 2781 1253 2849 lieri
1276 2782 1333 2848 rix
1366 2782 1484 2868 potuit,
1506 2788 1544 2850 ut

246 2882 329 2951 alter
351 2903 394 2950 ex
416 2883 518 2951 altero
541 2885 714 2953 materiam
736 2904 832 2951 suam
854 2889 1009 2962 sumeret.
1027 2904 1033 2916 ·

331 3006 359 3054 o.
380 2987 519 3054 44-47.
553 2989 699 3076 proditio
732 2987 964 3072 Allobrogum,
999 2987 1250 3054 coniuratorum
1284 2987 1544 3088 comprehensio,

247 3089 333 3170 aetio
354 3089 390 3157 in
411 3095 525 3158 senatu
549 3090 590 3157 da
611 3091 654 3157 iis
675 3088 773 3158 rebus
796 3091 884 3156 iacta
910 3095 1098 3156 narrantur.
1143 3085 1300 3166 Quamuis
1338 3111 1458 3174 negare
1480 3110 1544 3157 non

234 3179 381 3281 possim,
404 3190 455 3259 bis
477 3191 642 3281 capitibus
663 3192 768 3260 multa
787 3213 863 3259 cum
884 3190 1052 3260 Ciceronis
1068 3191 1214 3259 oratione
1240 3191 1294 3258 lll.
1316 3193 1349 3258 in
1368 3192 1545 3260 Catilinam

249 3295 376 3378 (confer
390 3294 412 3373 1
425 3295 520 3363 2-6.
537 3295 568 3362 8.
582 3295 615 3362 9.
634 3297 685 3362 10.
703 3296 753 3362 la.
771 3296 823 3360 14.
842 3295 891 3360 11.
910 3295 977 3374 19.)
1000 3295 1194 3376 consentire,
1218 3305 1328 3360 tarrren
1346 3295 1546 3362 [1111ιί4444-

250 3397 332 3464 senti
355 3396 450 3481 (diss.
472 3414 508 3481 p,
528 3395 587 3482 40)
610 3396 805 3465 Sallustium
840 3395 1011 3464 Ciceronis
1034 3397 1177 3482 vestigia
1198 3405 1346 3464 secutum
1370 3417 1451 3479 esse,
1481 3417 1546 3465 non

249 3501 417 3568 assentiar.
461 3498 542 3568 Cum
557 3501 646 3567 enim
661 3499 766 3567 multa
780 3499 870 3587 apud
887 3497 1083 3566 Sallustium
1100 3499 1325 3582 inveniantur,
1347 3519 1420 3588 quae
1433 3499 1550 3568 Cicero

32 3677 35 3686 ,
106 3652 110 3709 l
251 3623 315 3670 non
349 3605 616 3692 commemorarit
636 3604 764 3688 (conler
786 3623 814 3671 o.
836 3606 890 3688 44,
912 3645 938 3686 ,.
961 3627 1000 3686 ,.;
1022 3605 1076 3685 44,
1098 3645 1125 3686 ,.
1148 3604 1247 3671 rerba
1271 3624 1366 3690 ,oum
1388 3622 1410 3670 a
1430 3608 1546 3685 senatu
1589 3655 1594 3664 .

24 3772 28 3781 ,
106 3772 111 3794 ‚
249 3705 352 3776 hostis
374 3707 540 3775 iudicatus
563 3707 639 3794 sit“;
662 3727 689 3775 o.
711 3707 765 3788 45,
788 3747 815 3788 ,.
839 3705 938 3774 uerba
962 3705 1035 3790 „bis
1059 3705 1157 3774 rebus
1186 3708 1234 3774 ita
1266 3707 1350 3774 actis
1374 3743 1413 3757 -
1437 3755 1446 3772 .
1470 3755 1479 3772 .
1502 3755 1543 3772 ..

252 3815 368 3878 cuncta
389 3809 555 3891 edoctus“;
583 3811 637 3891 45,
661 3832 698 3892 ,.;
719 3809 774 3888 46,
796 3850 823 3891 ,.
837 3833 875 3892 ,.;
895 3811 950 3890 411,
962 3850 990 3892 ,.
1009 3847 1048 3858 -
1069 3810 1189 3892 ,caten
1206 3810 1277 3880 sine
1292 3829 1384 3876 mora
1399 3809 1548 3890 ueniunt,

251 3909 427 3999 Caeparius
448 3949 490 3982 -,-
513 3959 522 3978 .
545 3960 554 3978 .
576 3961 585 3978 .
608 3961 617 3978 .
640 3911 871 3998 protagorat“;
893 3931 921 3980 o.
943 3913 1007 3994 41,ι
1021 3952 1060 3993 ,.,
1082 3912 1141 3994 41,
1155 3911 1210 3997 ,.l,
1231 3910 1325 3979 nobis
1348 3910 1433 3978 nihil
1455 3911 1548 3980 aliud

253 4013 319 4080 nisi
339 4012 398 4079 boo
420 4014 582 4100 reliquum
605 4018 672 4080 est:
710 4021 768 4081 aut
798 4033 976 4094 sumemus,
1011 4011 1209 4080 Sallustium
1243 4013 1355 4080 omnis
1388 4012 1469 4081 baec
1505 4033 1547 4082 ex

253 4133 318 4181 uno
340 4114 429 4182 tonte
452 4115 643 4204 sumpsisse,
664 4135 760 4202 quem
782 4122 859 4183 acta
881 4123 1015 4184 senatus
1038 4114 1255 4198 nominemus,
1285 4120 1344 4181 aut
1377 4115 1472 4183 illum
1507 4137 1549 4184 ax

255 4215 478 4304 compluribus
501 4217 650 4284 tontibus
674 4217 833 4299 hausisse,
856 4218 891 4286 id
912 4217 1001 4305 quod
1025 4215 1112 4284 Dnbi
1136 4215 1266 4301 (confer
1295 4216 1367 4284 eius
1404 4219 1484 4286 diss.
1518 4241 1550 4307 p.

31 4332 34 4341 ·
111 4371 114 4382 .
254 4319 306 4386 40.
328 4316 395 4404 42.)
419 4325 538 4388 censet
582 4317 647 4386 Sed
670 4339 734 4388 non
757 4327 826 4387 tam
849 4319 1074 4406 discrepantia
1096 4337 1194 4405 quam
1216 4319 1448 4387 conuenientia
1463 4322 1552 4389 inter

256 4427 429 4514 auumque
449 4423 641 4513 scriptorem
665 4424 810 4494 indicare
834 4424 1000 4508 ridentur,
1030 4421 1222 4490 Sallustium
1235 4421 1371 4516 quidem
1384 4423 1551 4492 Ciceronis

256 4524 460 4593 orationibus
481 4522 536 4594 hio
558 4547 624 4594 non
647 4546 743 4595 usum
765 4547 847 4608 esse,
869 4527 927 4594 sed
949 4526 1041 4612 fonte
1062 4523 1216 4611 quodam,
1249 4525 1306 4611 qui
1344 4527 1380 4593 in
1413 4527 1552 4594 summis

257 4626 353 4728 rebus
364 4625 549 4700 aCioerone
559 4649 625 4699 non
640 4629 761 4715 ditiert,
777 4629 814 4698 id
829 4631 1141 4719 441441144444144.
1172 4627 1251 4714 lpra
1260 4635 1369 4700 anum
1382 4629 1553 4722 scriptoris
