3308 5120
903 675 1012 684 ..o-uu·-

428 773 612 862 Sequuntur
635 797 741 840 rursus
765 775 914 840 nonnulla
937 773 977 842 de
1001 775 1137 858 Manlio,
1159 799 1240 862 quae
1263 775 1342 841 nihil
1364 774 1494 857 docent,

321 881 407 970 quod
430 905 493 948 non
517 883 579 948 iam
603 905 642 946 ex
666 881 768 968 capite
792 885 844 962 24,
868 887 887 948 3
911 881 1092 948 viderimus.
1138 880 1172 948 Si
1197 905 1306 949 revera
1325 881 1494 949 Sallustius

321 989 435 1056 similia
457 988 613 1055 similibus
636 1011 729 1075 quam
759 989 892 1054 maxime
921 989 1111 1076 coniungere
1138 988 1327 1070 studuisset,
1360 987 1412 1054 lric
1442 1011 1495 1054 oc-

321 1095 407 1161 casio
440 1094 556 1161 luisset
590 1095 634 1161 rci
668 1093 862 1182 probandam
900 1093 957 1160 sed
989 1119 1008 1160 e
1039 1096 1195 1161 contrusio
1230 1097 1366 1161 narratio
1402 1094 1494 1162 valde

321 1193 446 1268 concisa
475 1211 509 1268 et
537 1201 676 1268 dissecta
701 1210 762 1283 est,
795 1199 881 1288 quod
906 1201 1082 1268 luculenter
1108 1211 1240 1290 apparet
1269 1224 1309 1268 ex
1341 1202 1495 1290 particula

229 1341 236 1348 ·
322 1309 456 1390 intereo,
478 1331 540 1395 qua
563 1310 690 1396 saepius
713 1330 751 1374 ea
774 1307 903 1389 inducit,
926 1330 1006 1394 quae
1029 1318 1121 1375 antea
1145 1308 1260 1374 omissa
1283 1318 1366 1375 sunt
1391 1349 1433 1360 —-

429 1419 481 1482 29.
534 1415 604 1480 Iam
640 1416 880 1481 memoravimus
914 1414 999 1502 apud
1034 1413 1217 1516 Sallustium
1255 1437 1383 1503 quoque
1421 1426 1496 1503 post

322 1519 400 1587 illud
426 1521 549 1588 lacinus
578 1531 721 1588 senatum
753 1522 936 1603 convocari,
968 1545 1070 1609 neque
1094 1544 1170 1587 vero
1199 1525 1401 1610 perspicuum
1431 1533 1495 1604 est,

323 1637 427 1695 utrum
458 1637 590 1718 propter
623 1651 663 1694 an
698 1637 771 1716 post
807 1627 927 1694 lacinus
964 1627 1005 1695 de
1041 1628 1153 1694 Manlii
1183 1631 1346 1716 gnaritate
1380 1630 1495 1696 certior

322 1734 425 1802 lactus
453 1734 567 1803 Cicero
596 1743 739 1802 senatum
765 1735 993 1802 convocavisse
1022 1734 1145 1802 dicitur.
1191 1735 1310 1801 Mirum
1339 1746 1437 1818 esset,
1467 1737 1494 1802 si

322 1840 436 1909 Cicero
448 1852 515 1908 tum
528 1841 654 1910 demum
669 1841 709 1908 de
724 1864 761 1908 ea
775 1865 808 1908 re
823 1841 1007 1925 audivisset,
1021 1841 1114 1930 pleno
1128 1864 1211 1908 anno
1225 1852 1346 1909 exacto.
1379 1841 1412 1908 N
1412 1865 1494 1908 enne

323 1947 435 2015 Manlii
458 1971 573 2015 nomen
597 1949 629 2015 in
651 1947 811 2015 homiuum
835 1973 889 2016 ore
906 1949 1110 2016 versabatur?
1153 1949 1274 2015 Tamen
1290 1949 1400 2015 consul
1426 1972 1494 2015 rem

322 2056 366 2122 ad
393 2063 547 2122 serratum
578 2056 687 2141 refert.
746 2055 811 2122 Sed
839 2055 916 2142 quid
947 2055 986 2122 de
1017 2078 1054 2122 ea
1082 2061 1136 2120 re?
1190 2057 1304 2142 al'cquc
1335 2058 1495 2122 exereitus

323 2163 448 2229 Metilii
471 2169 620 2251 puniatur
642 2169 702 2230 aut
726 2185 790 2250 prio
812 2164 949 2229 vermilio
971 2163 1069 2248 soret,
1099 2163 1182 2228 solis
1205 2169 1407 2250 corrrpcrtum
1430 2164 1491 2230 ha·

323 2269 427 2354 bcbet,
452 2293 557 2358 neque
580 2270 693 2336 urbem
717 2270 759 2334 ab
782 2271 917 2336 insidiis
935 2272 1069 2358 prireio
1091 2270 1228 2335 corrsilio
1252 2271 1383 2355 lorrpius
1407 2271 1495 2335 tueri

318 2382 457 2464 poteret.
524 2376 613 2442 Nihil
645 2377 740 2464 igitur
770 2376 886 2444 referre
917 2379 1036 2465 potuit,
1064 2375 1149 2464 quod
1183 2399 1244 2442 non
1277 2383 1376 2444 arrico
1411 2379 1495 2461 rolpi

322 2484 513 2550 munoribus
550 2485 752 2570 exepitntum
785 2484 907 2551 suisset
957 2483 1001 2550 Et
1035 2487 1183 2550 senatus?
1236 2483 1287 2550 Ne
1322 2484 1495 2571 interrogat
1553 2483 1556 2491 '

322 2589 462 2680 quidem,
488 2599 600 2657 contra
625 2613 719 2678 quem
747 2591 821 2658 urbs
848 2591 962 2657 limrari
993 2592 1054 2656 iarn
1081 2615 1143 2656 nou
1174 2591 1291 2678 possit,
1318 2591 1374 2656 sed
1403 2592 1494 2656 vanis

325 2699 408 2782 roiqi
429 2699 622 2764 munoribus
644 2707 829 2780 commotus,
852 2699 940 2785 (μιαί
957 2700 1154 2786 plerumque
1178 2699 1215 2763 in
1239 2699 1345 2765 atroci
1366 2700 1494 2784 nepotis

322 2807 410 2891 ¹solet,
434 2807 583 2890 decrerit,
607 2807 725 2872 dorent
739 2828 870 2893 eperum
887 2807 1045 2886 corzsuler,
1066 2828 1106 2870 nc
1124 2807 1207 2892 quid
1229 2806 1413 2893 respublica
1435 2806 1490 2872 de·

323 2913 474 2978 triureuti
495 2919 633 3000 cuperet.
671 2911 736 2979 Sed
758 2911 835 3000 quid
857 2914 978 2979 abacis
1002 2913 1123 2998 nepotii
1148 2917 1236 2978 erat?
1280 2911 1332 2979 De
1355 2912 1494 2978 facinore

322 3041 384 3086 non
409 3042 472 3086 uno
496 3019 594 3086 verbo
617 3019 746 3102 dicitur;
778 3019 946 3086 Sallustius
970 3019 1038 3107 ipse
1062 3023 1130 3104 (12,
1153 3023 1185 3103 2)
1208 3019 1408 3108 optimatium
1430 3019 1495 3086 lac-

321 3126 414 3208 tioni,
455 3149 536 3214 (puae
578 3136 644 3192 tum
686 3126 909 3214 rempublicam
944 3126 1153 3214 gubernabat,
1190 3126 1360 3214 opprobrio
1393 3125 1495 3208 dedit,

321 3232 406 3320 quod
429 3255 519 3299 suam
541 3233 729 3322 potentiam,
756 3256 848 3320 qnam
876 3231 1099 3321 rempublicam
1128 3255 1242 3320 augere
1270 3222 1413 3315 malleati
1440 3235 1494 3320 qui

321 3339 375 3422 lit,
411 3349 447 3406 ut
482 3341 536 3406 ille
568 3339 751 3407 dominandi
782 3341 923 3407 aemulus
962 3351 1090 3406 senatus
1126 3341 1194 3406 sinc
1226 3339 1367 3407 evidenti
1400 3363 1494 3406 causa

322 3447 505 3513 consulibus
528 3459 676 3535 tanquam
702 3447 840 3514 vinctum
864 3471 899 3514 se
923 3445 1047 3513 tradat?
1080 3447 1230 3514 Absrnda
1252 3471 1302 3514 res
1326 3457 1384 3515 est.
1430 3447 1494 3514 Sed

322 3552 491 3621 Sallustius
514 3577 616 3642 neque
639 3555 724 3620 illurn
747 3557 779 3620 in
795 3553 981 3621 Ciceronem
1006 3555 1225 3636 incursionem,
1248 3577 1351 3642 neque
1367 3564 1495 3622 senatus

321 3661 498 3727 consultum
523 3661 652 3729 ultimae
674 3665 869 3728 necessitatis
893 3661 1020 3728 silentio
1042 3663 1212 3748 praeterire
1236 3662 1355 3750 potuit,
1377 3663 1495 3750 quippe

321 3789 401 3856 quae
424 3769 589 3836 notissima
612 3767 742 3849 luerint3
772 3791 842 3834 cum
870 3778 975 3834 autem
1002 3767 1109 3834 illius
1138 3767 1284 3834 effectum
1310 3808 1350 3818 —
1375 3769 1495 3835 scilicet

320 3875 454 3964 primam
477 3873 642 3942 Ciceronis
674 3876 846 3943 orationem
880 3915 921 3925 -
955 3874 1066 3940 buius
1099 3899 1225 3942 causam
1258 3877 1425 3963 ignoraret,
1457 3898 1495 3942 eo

321 3983 421 4070 magis
453 4003 507 4048 eas
539 4005 591 4049 res
622 3981 682 4048 hoc
713 3982 785 4049 loeo
816 3985 937 4071 posuit,
968 3981 1054 4070 quod
1087 3981 1127 4048 de
1161 3982 1220 4047 bue
1253 3985 1324 4070 ipso
1354 3993 1495 4070 tempore

321 4089 449 4154 minima
472 4090 502 4155 ei
525 4099 739 4178 suppeterent

428 4195 478 4262 Ne
501 4194 587 4285 apud
611 4195 795 4264 Ciceronem
818 4195 945 4290 quidem
968 4196 1207 4284 cognoscimus,
1233 4195 1393 4284 quomodo
1415 4221 1443 4264 a.
1465 4197 1496 4265 d.

321 4301 393 4368 ΧΠ
415 4301 490 4369 Kal.
513 4303 714 4371 Novembres
737 4311 863 4370 senatus
887 4303 1064 4371 consultum
1089 4315 1192 4369 ouum
1218 4304 1268 4370 sit.
1314 4303 1379 4370 Sed
1398 4307 1496 4394 scrip-

217 4492 224 4514 Ι
321 4419 388 4475 tum
411 4421 459 4476 est
483 4409 569 4498 apud
592 4409 738 4478 Cassium
761 4411 899 4480 Dionem
923 4414 1117 4498 (37,31,1):
1142 4409 1307 4506 Ilbpuierm
1329 4411 1365 4482 cd
1387 4413 1494 4502 γιγνό-
