3308 5120
1 329 1589 374 ww

620 539 629 560 ’
658 687 672 692 ,,
696 593 838 693 ἐς...

148 809 227 868 pera
256 787 299 872 τῷ
331 785 484 874 Κικέρωνι
510 785 566 853 rhei
589 785 785 876 γραμμάτων
811 787 916 866 rende,
944 813 966 852 u
989 837 997 851 .
1022 837 1030 852 .
1054 838 1061 853 .
1094 785 1230 874 Κράσσῳ
1259 785 1318 854 καὶ

149 881 259 974 liltore
283 895 345 959 τῶν
367 895 506 961 duumuir·
521 893 624 988 ἐδόθη
640 913 648 928 ·
666 894 722 962 καὶ
744 886 800 962 ἐπ’
817 891 925 973 etrele
947 889 1051 979 δόγμα
1073 889 1233 985 ἐκυρώθη,
1259 921 1318 961 τα-

149 999 294 1086 perpeserit
318 993 401 1068 elem
426 1001 480 1068 zai
506 994 638 1094 ζήτησιν
663 1006 724 1068 τῶν
738 999 850 1068 cirion
867 993 967 1092 alcip-
988 999 1139 1088 γενέσθαι
1157 1051 1166 1066 .
1182 998 1318 1088 δείτιρα

150 1107 186 1172 δι’
209 1101 280 1174 ἀπὸ
306 1109 360 1197 τῆς
378 1106 580 1201 ‘temptans
605 1107 661 1176 καὶ
684 1160 720 1176 ..
747 1114 788 1197 epi
811 1107 944 1195 δόγματι
969 1105 1178 1199 ῑτροςεγριίμη
1200 1103 1238 1174 τὸ
1259 1105 1317 1174 διὰ

150 1211 318 1300 μροι·μ’δος
346 1207 489 1297 ὑπάτοις
516 1222 616 1300 σχεῖν,
650 1212 727 1296 das
751 1212 913 1308 Ιιιιμῖεμιίιν
943 1210 1067 1307 βλάβην
1091 1215 1137 1301 τῷ
1168 1211 1316 1306 διιμοσιίμ

150 1322 317 1410 συμβῆναι.
371 1319 421 1384 Ex
447 1320 506 1386 hac
537 1321 654 1387 Dionis
683 1323 858 1387 narratione
888 1327 1031 1408 apparet,
1059 1318 1316 1385 deliberationem

149 1434 271 1512 patrum
304 1447 331 1490 a.
364 1426 394 1491 d.
427 1425 497 1492 ΧΠ
527 1427 602 1493 Kal.
635 1427 834 1494 Nouembres
869 1427 1169 1492 turbulentissimam
1202 1425 1317 1508 lirissm

150 1531 261 1598 Cicero
285 1554 376 1598 orsus
400 1556 468 1600 esse
492 1532 620 1601 videtur
639 1557 658 1600 a
673 1535 772 1600 literis
790 1533 860 1612 illis,
882 1555 962 1620 quae
978 1532 1094 1600 Crasso
1110 1531 1203 1598 (latae
1218 1541 1317 1599 eraut

149 1639 199 1703 De
227 1636 276 1702 his
303 1626 403 1706 literis
426 1651 528 1708 auteur
553 1641 681 1707 uberius
704 1643 768 1729 agit
792 1639 978 1706 Plutarchus
1001 1641 1032 1704 iu
1056 1639 1218 1706 Ciceronis
1241 1640 1317 1720 vita,

149 1745 201 1810 uhi
229 1749 307 1833 (cap.
333 1750 385 1832 15)
409 1759 524 1828 namu,
554 1749 649 1837 paulu
673 1757 745 1814 aute
769 1748 964 1835 emptionem
987 1747 1226 1828 coniurationis,
1252 1769 1317 1814 non

148 1852 247 1918 uurlte
279 1863 353 1940 post
379 1855 503 1920 comitia
531 1855 709 1921 eousuluria
736 1865 800 1920 tres
828 1853 949 1920 nobiles
976 1854 1137 1920 Romanor
1160 1853 1200 1920 ad
1224 1853 1318 1922 Cice·

149 1981 254 2025 runem
279 1961 405 2026 venisse
428 1985 497 2027 erim
520 1962 635 2043 literiS,
658 1984 739 2050 qum
762 1962 844 2026 iuter
865 1984 973 2026 ceriam
997 1960 1080 2048 apud
1104 1961 1253 2028 Crassum
1276 1961 1318 2027 ab

149 2067 256 2154 ignoto
288 2068 424 2155 quodam
456 2068 620 2157 depositae
654 2078 751 2134 erant.
803 2068 842 2132 In
881 2068 980 2134 literis
1019 2070 1170 2157 scriptmn
1207 2068 1317 2150 fuisse,

149 2171 275 2239 eaedem
305 2198 502 2240 eomuumem
524 2201 542 2242 a
566 2175 703 2243 Catilina
732 2175 849 2264 pamri3
880 2175 1012 2264 proinde
1035 2175 1080 2241 illi
1102 2199 1195 2263 quam
1218 2175 1318 2243 celer·

150 2281 225 2344 n'me
253 2305 291 2346 ex
320 2281 397 2348 urhe
421 2280 618 2349 decederent.
663 2283 813 2350 Crassum
836 2306 875 2349 ea
897 2306 930 2349 re
954 2283 1165 2371 suspicionem
1187 2283 1318 2349 coniun-

149 2389 261 2452 etiouis
288 2412 360 2454 eum
384 2389 519 2456 Catilina
542 2393 713 2479 reprimere
736 2390 904 2457 studuisse.
950 2389 1108 2457 Postridie
1131 2389 1316 2456 Ciceronem

149 2495 179 2559 iu
209 2505 319 2560 senatu
348 2496 477 2563 iussisse
501 2497 585 2578 illos,
615 2498 730 2585 ‹pdbus
753 2497 846 2564 datae
869 2507 972 2582 crant,
1002 2497 1153 2585 epistulas
1176 2497 1317 2580 recitare,
1369 2517 1370 2520 ’

148 2602 179 2666 ἰιι
209 2603 354 2669 omnihus
382 2612 485 2670 autem
513 2603 625 2670 eadem
654 2605 772 2694 scriptu
801 2605 910 2670 fuisse.
955 2606 1062 2692 Atque
1086 2627 1125 2670 ex
1148 2603 1209 2686 cis,
1235 2627 1316 2692 quae

149 2707 336 2775 Plutarchus
359 2710 421 2777 alio
443 2711 513 2776 loco
536 2709 684 2796 (Crassus
702 2715 754 2796 13)
769 2709 856 2793 dicit,
878 2712 1022 2778 cuuicere
1037 2733 1214 2800 posnunus,
1235 2711 1316 2778 hanc

148 2814 189 2881 de
216 2816 360 2904 epistulis
389 2819 595 2884 narrationem
624 2842 664 2884 ex
692 2817 855 2885 Ciceronis
882 2816 921 2884 ad
945 2818 1131 2906 Pompeium
1152 2816 1254 2884 literis
1275 2817 1316 2885 dc

147 2923 309 2990 consulatu
334 2947 391 2991 suo
412 2925 554 2992 haustam
579 2949 665 3008 essc;
688 2948 767 3013 quae
783 2926 938 2991 sententia
954 2927 979 2990 si
996 2947 1071 2990 vera
1087 2933 1145 3007 est,
1168 2946 1214 3006 ea,
1235 2947 1316 3012 quae

148 3029 334 3096 Plutarchus
358 3031 496 3113 tradidit,
518 3055 663 3120 maguam
687 3031 780 3098 tidem
803 3032 928 3098 habeut.
966 3031 1082 3098 Omnia
1098 3041 1214 3114 autem,
1235 3054 1316 3120 qnae

147 3135 230 3223 apud
259 3136 440 3202 Sallustium
467 3139 618 3227 perplexa
645 3149 747 3216 emat,
777 3139 861 3227 apud
889 3137 1091 3204 Plutarchum
1119 3137 1203 3204 clara
1230 3139 1316 3205 liunt.

147 3241 314 3308 Sallustius
345 3244 519 3329 ignorabat,
552 3269 615 3333 qua
647 3245 688 3312 de
715 3269 810 3312 causa
839 3256 967 3312 senatus
994 3254 1187 3312 couvocatus
1216 3254 1316 3327 csset;

147 3346 231 3435 apud
260 3347 461 3417 Plutarchum
488 3351 641 3419 habemus
669 3353 829 3441 epistulas.
876 3351 972 3441 Apud
1001 3351 1183 3418 Sallustium
1206 3351 1315 3418 consul

148 3453 280 3519 consilia
299 3455 424 3521 hlautis
439 3481 502 3524 mm
519 3461 603 3525 sutis
619 3467 784 3548 erinperto
800 3461 952 3538 habehat·
976 3458 1091 3526 Dionis
1108 3467 1141 3524 et
1154 3457 1314 3525 Plutarchi

148 3583 187 3626 ex
211 3563 389 3629 uenatione
412 3563 565 3648 ridemus,
588 3567 634 3632 eis¹
660 3567 747 3654 ipsis,
769 3589 849 3653 quae
872 3565 912 3631 de
935 3566 1029 3633 rebus
1045 3565 1188 3633 Etruscis
1206 3564 1314 3632 consul

148 3667 312 3753 rettulerit,
335 3673 462 3737 senatus
485 3674 663 3739 consultum
687 3673 831 3739 ultimum
854 3671 1015 3740 decretum
1036 3696 1116 3755 esse,
1137 3695 1208 3738 cum
1223 3683 1316 3739 antec

148 3784 277 3862 propter
307 3775 414 3841 literas
446 3779 499 3842 rix
529 3781 674 3866 quaestio
705 3783 874 3846 constituta
907 3783 957 3846 sit.
1003 3779 1100 3869 Apud
1132 3778 1313 3846 Sallustium

148 3889 222 3968 pust
249 3903 366 3970 lmrrcos
396 3882 464 3948 dies
493 3885 602 3952 literae
633 3884 674 3952 de
701 3885 857 3953 seditione
884 3885 969 3975 apud
996 3885 1146 3952 Faesulas
1174 3885 1256 3952 facta
1283 3887 1314 3951 in

148 3997 258 4052 seurrtu
281 3990 465 4072 recitandum
491 3991 551 4058 hae
573 3991 684 4058 literae
708 3993 775 4059 siue
797 3991 895 4060 dubio
918 3993 1046 4060 eaedem
1069 4001 1152 4074 sunt,
1173 4014 1251 4080 quas
1274 3991 1315 4058 de

148 4092 269 4159 hlardio
302 4095 333 4160 in
364 4106 473 4162 seuatu
501 4097 541 4163 ah
570 4099 665 4164 Arrio
698 4109 840 4187 pmetorc
863 4101 1010 4166 recitatas
1033 4123 1104 4166 esse
1128 4097 1315 4165 Plutarchus

147 4199 278 4282 niratiut,
301 4203 423 4268 etiamsi
443 4202 610 4270 Sallustius
633 4227 688 4272 eas
715 4205 793 4272 ala
816 4205 932 4274 Siculo
955 4209 1099 4273 recitatas
1128 4228 1199 4273 esse
1221 4203 1316 4271 dicat

148 4305 197 4370 llo
225 4309 323 4395 magis
351 4309 447 4394 igitur
471 4320 615 4400 apparet,
650 4335 703 4378 eas
731 4335 781 4378 res
809 4312 959 4380 Sallustio
989 4337 1050 4380 uun
1074 4313 1151 4379 satis
1173 4311 1316 4400 cognitas

148 4413 255 4484 luisse.
301 4415 422 4484 Iuhnus
449 4417 607 4500 uitreedit,
632 4441 759 4508 purum
785 4420 855 4486 dice
884 4421 966 4486 iuter
988 4429 1115 4486 serrrrtus
1137 4419 1315 4490 consultum
