3274 5032
674 443 853 564 -31r-·
956 567 959 574 ,

115 662 292 730 municarit
315 660 441 744 (center
462 654 571 738 nubi,
607 655 685 720 diss.
720 637 751 742 p'.
784 648 851 750 dl).
888 647 999 736 ltaque
1032 653 1135 718 iecere
1169 669 1232 717 non
1267 669 1400 743 ροιιιιιι
1466 642 1469 652 “

110 767 191 854 quein
204 765 312 834 Dibio
324 765 485 834 assentiar
496 759 637 848 putanti,
648 760 838 846 scriptorem
852 756 935 824 idex
943 754 1215 839 romoreqnodam
1223 753 1402 841 sumpsisse

111 871 161 941 rel
178 873 309 938 audisse
323 870 364 936 ab
380 865 569 954 aequalibus
584 862 714 929 illorum
729 866 921 948 temporum.
965 856 1012 923 At
1025 862 1138 925 contra
1151 879 1190 927 ca
1205 862 1284 925 sunt
1302 856 1404 942 digna

110 977 259 1044 maxima
279 976 354 1058 lide,
377 991 450 1061 quse
472 971 527 1040 ille
549 971 589 1038 de
611 970 733 1038 indicio
756 991 815 1058 per
836 965 873 1046 Q.
908 965 1046 1036 Fabium
1079 964 1219 1048 Sangam
1254 959 1402 1029 Ciceroni

112 1081 197 1146 iacto
221 1082 334 1146 narrat
356 1097 383 1144 c.
406 1078 473 1156 41,
494 1075 645 1162 quamvis
668 1073 745 1142 haec
767 1071 861 1139 nobis
884 1069 995 1138 Cicero
1025 1089 1089 1137 non
1114 1064 1289 1135 tradiderit
1308 1061 1406 1156 (oon-¹
1512 1133 1518 1142 ,

108 1182 158 1250 ier
180 1181 290 1264 Dttbi,
313 1182 392 1248 diss.
414 1200 447 1267 p.
471 1177 537 1262 38).
583 1173 662 1254 Qnae
684 1197 725 1244 ex
748 1179 879 1245 senatus
901 1173 984 1242 actis
1009 1175 1141 1259 sumpta
1166 1189 1235 1237 esse
1255 1164 1402 1255 putarim

111 1285 238 1370 (confer
259 1281 384 1366 Dect).
431 1281 494 1348 Sed
518 1281 605 1349 idem
629 1278 711 1347 milri
734 1279 908 1346 dicendum
931 1282 982 1344 est
1003 1275 1043 1342 de
1064 1295 1091 1341 c.
1120 1275 1185 1358 42,
1205 1287 1402 1360 quamquam

112 1388 152 1454 de
167 1393 313 1474 tempore
328 1369 539 1452 seditionum
553 1385 587 1450 in
615 1381 743 1464 Piceno,
765 1381 903 1463 Bruttio,
927 1381 962 1447 in
977 1377 1085 1446 Gallia
1097 1379 1255 1444 factarum
1271 1371 1403 1464 dubito3

110 1489 236 1576 (confer
258 1487 348 1555 Cass.
372 1486 470 1554 Dion.
492 1488 544 1569 st,
558 1487 612 1552 42.
635 1491 667 1553 et
689 1485 724 1552 P.
746 1485 865 1568 Orosii,¹
887 1482 923 1552 P.
946 1481 1040 1570 Hisp.
1063 1479 1147 1546 Hist
1169 1477 1191 1544 l.
1207 1473 1271 1572 lv,
1293 1493 1321 1540 c
1343 1468 1401 1556 6·)·
1423 1541 1428 1546 .

113 1592 187 1680 lpse
209 1592 240 1658 S.
265 1592 360 1658 docet
381 1590 491 1658 verbis
516 1590 658 1675 „eisdem
680 1590 746 1657 iere
761 1585 994 1676 temporibns“,
1016 1605 1050 1653 se
1064 1585 1217 1668 ignarum
1233 1597 1305 1645 csse
1319 1580 1402 1643 tem·
1574 1645 1575 1658 ,

110 1697 211 1784 poris,
232 1715 296 1782 quo
310 1695 373 1762 hae
394 1694 572 1762 seditiones
594 1709 766 1780 oppressae
780 1695 866 1758 sunt
909 1689 1005 1758 Nunc
1019 1689 1166 1757 uenimus
1181 1683 1224 1751 ad
1239 1676 1430 1766 Dietschii,
1574 1743 1575 1750 ,

110 1799 342 1872 coniecturam,
373 1798 416 1881 (c.
438 1796 492 1874 42,
516 1794 557 1879 2.)
583 1793 773 1880 „ulteriore“
797 1811 856 1881 pro
881 1787 1079 1878 ,citeriore“,
1108 1808 1205 1877 qnam
1226 1783 1401 1854 lectionem
1461 1809 1464 1814 ·

110 1900 237 1966 codices
260 1899 428 1986 praebent
484 1897 572 1966 Daui
595 1897 730 1986 quidem
766 1898 860 1984 (diss.
894 1917 926 1986 p.
959 1892 1018 1981 36)
1052 1897 1158 1980 negat,
1193 1875 1403 1956 Dietsclrium
1472 1967 1477 1976 ὓ

111 2003 226 2070 nixum
247 2002 318 2069 loco
340 2001 406 2069 Cic.
431 2021 490 2090 pro
512 2001 597 2070 liar.
613 2002 633 2082 S
647 2003 700 2082 89,
723 2002 869 2088 neglecta
883 2001 1028 2069 omnium
1044 1997 1191 2068 codicum
1207 1987 1403 2088 auctoritate

112 2105 307 2190 „ulteriore“
331 2105 473 2174 scribere
497 2125 602 2193 posse,
625 2105 682 2173 sed
704 2105 791 2172 haud
814 2112 910 2188 recte,
931 2111 970 2172 ιιι
993 2103 1230 2172 mihiridetur.
1273 2091 1401 2161 scimus

109 2209 199 2275 enim
223 2207 426 2292 (conlerCic.
449 2210 484 2276 in
497 2208 562 2275 Pis.
585 2209 605 2288 d
627 2211 675 2284 5.;
698 2209 740 2276 ad
755 2208 857 2276 famil.
873 2208 912 2293 V,
937 2212 968 2275 1.
984 2207 1024 2292 v,
1045 2200 1402 2295 a.;P1naciu·cto.;

114 2309 188 2378 Dio.
209 2309 299 2378 Cass.
312 2313 365 2395 37,
387 2310 466 2396 33.),
488 2311 675 2380 Ciceronem
704 2309 744 2398 Q,
764 2309 893 2380 Metello
920 2309 1022 2380 Celeri
1060 2310 1262 2401 prouinciam
1297 2324 1402 2386 susm,

111 2411 253 2480 Galliam
275 2415 483 2504 cisalpinam,
506 2417 755 2483 custodiendam
788 2415 976 2498 tradidisse,
1009 2419 1047 2482 ut
1074 2411 1202 2482 Metello
1235 2410 1401 2497 Picenum,
1435 2469 1439 2476 .
1574 2455 1575 2468 ι

110 2537 188 2601 ager
201 2515 358 2601 Gallicus,
380 2517 492 2586 Gallia
506 2518 667 2606 cisalpina
682 2519 766 2604 (siue
780 2517 927 2600 citerior)
944 2517 1122 2606 provincia
1135 2521 1244 2586 essent
1259 2516 1400 2584 tuendae.

111 2618 222 2708 ltaque
244 2622 339 2688 nobis
362 2621 447 2688 nihil
471 2621 561 2689 aliud
583 2621 748 2708 reliquum
771 2626 830 2706 est,
852 2622 918 2688 nisi
941 2624 978 2687 nt
997 2618 1158 2688 Dietschii
1181 2622 1401 2688 coniecturam

111 2725 338 2812 approbemus,
362 2725 428 2791 nisi
451 2726 534 2792 torte
556 2725 633 2812 quis
655 2725 766 2807 sumit,
788 2723 978 2792 Sallustium
1001 2723 1083 2791 falso
1118 2721 1306 2808 „citerioro“
1326 2725 1401 2812 'pro

112 2827 304 2910 ᾖιιιιιιίοιιιι
328 2828 437 2897 Gallia
457 2830 608 2898 retulisse
631 2828 682 2928 rel
705 2833 845 2917 primam
868 2827 1020 2918 (codicis)
1047 2848 1180 2897 manum
1212 2828 1279 2896 iam
1313 2824 1402 2895 huno
1451 2911 1455 2924 Ι

110 2951 250 2999 errorem
273 2931 400 3000 iecisse.
1073 2943 1075 2948 '
1293 2961 1296 2966 ·
1330 2927 1333 2934 ’
1551 2924 1554 2932 ⁴

195 3054 221 3102 c.
243 3036 296 3101 43.
334 3033 522 3104 Lectionem
558 3037 614 3121 ,in
646 3056 760 3122 agrum
795 3035 1042 3120 Faesulannm“,
1079 3055 1175 3126 quam
1212 3031 1400 3103 Dietschius

109 3135 217 3205 delere
238 3137 319 3216 vult,
342 3139 493 3207 codicum
515 3141 707 3208 alectoritate
722 3141 893 3224 contineri,
916 3141 1089 3229 Appianas
1112 3137 1168 3226 (de
1186 3137 1262 3207 bell.
1279 3141 1342 3206 civ.
1357 3135 1425 3218 112.
1548 3152 1551 3206 τ’

109 3259 135 3306 o.
158 3240 205 3328 3.)
229 3245 350 3328 docuit,
372 3264 468 3332 quem
503 3266 521 3313 e
553 3243 709 3314 Sallustio
744 3245 891 3314 hausisse
927 3265 1041 3314 omnes
1073 3243 1221 3313 historici
1254 3239 1400 3312 recentes

109 3350 227 3430 putant
248 3344 377 3432 (confer
400 3345 673 3416 Wiedemannum
698 3349 850 3436 ,Appian
872 3348 951 3416 tiber
973 3349 1027 3417 die
1054 3344 1302 3416 Catilinarisohe
1318 3343 1400 3413 Ver·

110 3446 337 3535 schwdrung“,
359 3449 521 3537 Philolog.
543 3449 660 3534 sixt).
698 3451 764 3520 Sed
786 3472 859 3520 cum
881 3451 1038 3520 Faesulae
1061 3452 1097 3520 in
1119 3451 1250 3519 Etruria
1267 3451 1400 3536 septen·

110 3550 244 3618 trionali
266 3553 339 3619 sitae
371 3556 450 3636 sint,
474 3555 508 3620 id
525 3559 584 3637 est,
607 3561 645 3622 nt
659 3556 724 3622 iam
741 3576 841 3644 snpra
857 3556 1004 3624 diximus
1020 3555 1068 3644 (p.
1086 3553 1140 3641 le)
1155 3556 1217 3624 iter
1231 3553 1253 3621 5
1268 3553 1400 3620 dierum

76 3655 83 3668 '
110 3647 212 3721 Roma
244 3662 391 3729 remotae.
431 3678 497 3726 non
530 3659 694 3745 intelligo,
727 3660 807 3747 quid
841 3666 909 3727 tum
934 3655 1226 3747 verba'scriptoris
1247 3678 1275 3726 c
1296 3655 1351 3738 4³,
1371 3697 1399 3742 2.

112 3756 227 3838 ,simul
243 3759 341 3826 caedo
364 3765 398 3828 et
419 3761 573 3828 incendio
590 3762 752 3849 perculsis
767 3761 978 3830 omnibus‘ad
994 3762 1171 3832 Catilinam
1192 3769 1402 3854 erumperent

111 3860 194 3945 (scil.
218 3859 440 3947 Catilinarii)“
465 3863 529 3932 sibi
551 3863 674 3940 relint3
696 3884 773 3932 nam
796 3865 831 3932 id
849 3865 1094 3934 concedendum
1122 3872 1181 3950 est,
1203 3863 1284 3937 haec
1297 3867 1401 3938 verbs

112 3965 233 4032 nullius
255 3964 414 4033 momenti
436 3983 520 4047 esse,
543 3965 572 4033 si
595 3965 638 4033 ad
662 3965 821 4054 oppidum
845 3966 1001 4036 Faesulas
1034 3969 1070 4036 in
1103 3967 1238 4037 Etruria
1269 3977 1399 4059 septen·

111 4067 238 4135 trionali
254 4068 337 4136 sitae
359 4072 519 4155 spectant
562 4066 641 4147 Quae
661 4066 775 4152 verba,
809 4074 847 4136 ut
867 4069 902 4136 id
924 4070 1096 4155 addamus,
1128 4073 1309 4142 averitate
1332 4092 1399 4144 non

111 4167 268 4252 altenare,
301 4169 416 4237 Cicero
450 4170 522 4257 ipse
553 4169 647 4238 testis
681 4175 734 4237 est
764 4171 890 4256 (conicr
921 4167 1398 4264 in'cnt.111,'es;1v,s).

63 4237 64 4328 l
113 4265 256 4356 Etiamsi,
280 4271 413 4360 Polybii
436 4272 632 4339 auctoritato
656 4271 728 4341 nixi
752 4273 834 4357 (rid.
857 4271 969 4364 Polyb.
992 4273 1034 4360 ll,
1056 4295 1084 4344 o.
1100 4277 1265 4366 2547),
1288 4299 1398 4352 sume·
1435 4297 1462 4338 ·.

115 4391 194 4460 intre,
217 4375 338 4444 alteras
361 4373 516 4442 Faesulas
539 4374 626 4443 haud
643 4374 756 4463 procul
771 4373 881 4443 Clusio
912 4396 993 4462 csse,
1015 4383 1123 4446 tamen
1137 4398 1191 4448 res
1206 4387 1258 4449 est
1271 4383 1398 4463 esdemr

114 4491 184 4543 uam
209 4477 321 4558 verba,
344 4495 419 4565 qua
441 4495 544 4566 snpra
567 4477 724 4562 diximus,
747 4497 785 4544 eo
808 4497 873 4546 non
888 4479 994 4565 magis
1008 4483 1182 4572 perspicua
1196 4484 1288 4553 liunt
1332 4486 1397 4556 lta·

112 4585 284 4668 trinepote,
322 4576 402 4647 haec
425 4579 582 4666 scriptori
605 4598 677 4646 esse
701 4578 781 4646 ritio
804 4580 924 4664 dando,
960 4585 1158 4670 praesertim
1192 4605 1268 4654 cum
1300 4586 1395 4670 lectio

113 4679 255 4748 codicum
277 4680 473 4756 auctoritate
496 4683 686 4752 confirmate
708 4681 920 4754 mutationem
942 4681 1041 4755 huius
1055 4683 1118 4760 loci
1133 4687 1201 4758 ieri
1217 4706 1283 4758 non
1297 4689 1404 4762 sinet·

1249 4827 1366 4936 u.
