3300 5128
563 409 616 442 J.
640 411 711 440 ....-ῥ
734 406 1119 441 τὼκαιυαηωι-,ιγ-ῗψιμῂῗᾲ
1140 412 1222 424 ....-.
1240 397 1261 419 ἰ
1290 396 1329 421 2...
1346 393 1355 400 “
1427 407 1434 418 ι

803 441 805 450 ,

659 645 874 739 AL..

204 851 284 912 dorrii
302 851 467 911 studiosum
479 850 612 922 Trogum
626 849 719 910 inisse
738 849 879 922 deneges,
897 848 928 908 id
941 849 1049 908 saltem
1062 853 1097 908 ut
1108 847 1331 923 explanaverim

204 941 269 999 iore
287 939 411 1012 conlido,
430 955 468 998 ne
487 939 551 996 nlla
570 938 686 1010 quoidam
705 944 791 997 corta
809 954 902 998 causa
919 936 1053 996 Haerent
1077 942 1109 996 et
1132 937 1182 1011 qni
1197 935 1331 1010 ‘sequnn-

205 1036 256 1087 tur
275 1027 454 1087 sententiam
473 1025 572 1085 fulciri
591 1041 627 1084 ae
645 1025 788 1084 sustiueri
806 1025 949 1101 potuisse.
1410 1099 1414 1104 ¹

274 1116 333 1174 His
353 1114 515 1187 disputatis
535 1113 571 1172 de
591 1113 722 1173 uirorum
742 1113 931 1186 egregiorum
950 1112 1022 1172 mihi
1041 1111 1201 1171 contrariis
1221 1111 1331 1186 opinio·
1391 1161 1396 1168 .

204 1204 292 1263 aribus
311 1201 351 1260 ad
369 1217 473 1260 rermn
492 1200 587 1274 'l'rogi
605 1203 716 1260 iontem
734 1200 982 1274 perscrutandum
1001 1200 1065 1258 sire
1083 1200 1141 1260 iam
1158 1200 1333 1274 indagatum

204 1291 330 1365 amplius
361 1289 577 1364 explicandum,
605 1289 684 1349 unde
711 1289 866 1363 digressus
894 1305 967 1361 surm,
994 1287 1093 1347 redeo.
1130 1287 1275 1348 Sallustio
1300 1285 1333 1348 in

204 1378 390 1438 liliola-idetis
410 1377 547 1437 oratione
566 1377 749 1437 conficienda
763 1375 896 1450 Trogum
915 1392 974 1434 non
993 1391 1077 1435 usum
1096 1375 1181 1436 modo
1200 1393 1266 1436 esse
1279 1376 1333 1437 sed

204 1465 450 1541 transscripsisse
468 1466 561 1525 terune
580 1497 616 1507 -
634 1466 679 1525 ita
696 1481 792 1541 paene
811 1465 850 1524 ad
869 1465 992 1525 uerbum
1011 1464 1106 1524 multa
1129 1464 1187 1524 sibi
1210 1481 1330 1540 respon-

204 1556 277 1615 dent
295 1587 330 1597 —
344 1553 631 1636 recteneeoarguii
654 1553 715 1614 Sed
733 1553 802 1613 aliis
821 1552 895 1612 locis
914 1553 991 1626 quod
1010 1552 1050 1611 ad
1067 1569 1129 1612 rem
1148 1553 1260 1613 attinet
1272 1569 1331 1612 non

203 1644 326 1703 multum
351 1642 496 1702 narrandi
520 1649 727 1717 argumentum
751 1640 933 1701 eSallustio
956 1657 1023 1701 eum
1051 1641 1209 1702 sustulisse
1237 1640 1340 1702 animo'

204 1738 339 1806 prompto
358 1731 543 1806 proclivique
562 1733 714 1804 confiteor,
737 1748 802 1790 eum
825 1735 1018 1790 narratorum
1037 1727 1121 1789 'ratio
1144 1736 1235 1802 atque
1261 1730 1332 1789 orde

204 1821 243 1878 ab
270 1827 397 1894 utroque
425 1821 584 1880 institutus
613 1821 677 1880 iere
705 1818 834 1892 undique
862 1819 1027 1878 varientur.
1077 1817 1114 1876 In
1142 1819 1232 1877 rebus
1259 1834 1332 1877 uero
1402 1860 1404 1864 -

204 1907 416 1968 Mithridaticis
447 1907 581 1982 'drogum
609 1907 749 1967 Sallustii
777 1905 920 1966 historias
952 1915 1024 1965 ante
1056 1905 1157 1966 oeulos
1189 1905 1331 1966 habuisse

204 1996 290 2055 nobis
309 1996 469 2056 tenendum
489 2003 549 2069 est;
577 2012 662 2070 quern
684 1995 847 2070 pleniorem
873 1999 905 2053 et
926 1993 1092 2066 longiorem
1119 1994 1231 2054 fontem
1248 2002 1334 2069 plae-

205 2090 292 2142 terea
310 2082 352 2142 sit
370 2089 501 2156 secutus,
520 2101 585 2142 cnm
605 2083 784 2156 ambigatur,
802 2083 973 2141 discernere
991 2081 1112 2156 longum
1130 2091 1186 2143 est.
1215 2082 1335 2157 Trogus

205 2171 281 2229 enim
301 2187 388 2230 ιιιιιιιιι
409 2173 520 2232 ierrtem
539 2179 710 2231 retractare
729 2173 958 2246 aspernabatur,
978 2171 1052 2230 duos
1071 2173 1227 2232 consulere
1244 2171 1334 2231 male·

204 2259 269 2332 bat;
289 2275 364 2332 qnos
383 2277 447 2319 curn
466 2260 497 2318 in
516 2276 606 2319 ιιιιιιιιι
625 2275 732 2333 corpus
751 2258 932 2319 couhmdere
950 2276 1010 2318 non
1027 2269 1139 2334 posset,
1157 2251 1330 2319 alternatim

205 2348 403 2416 exscribebat,
423 2349 471 2422 qui
486 2355 641 2407 auctorum
655 2347 887 2407 adhibendorum
899 2348 1003 2407 rnodus
1016 2347 1091 2408 satis
1104 2349 1296 2408 continuatur
1302 2348 1334 2420 ¹).

276 2434 328 2492 Ad
354 2433 437 2493 illam
465 2434 562 2494 nostri
585 2434 687 2493 indicii
706 2451 856 2507 samaram,
885 2441 919 2494 ut
947 2439 1034 2494 certa
1061 2434 1250 2506 decernatur,
1277 2436 1334 2496 hae
1440 2447 1444 2454 '

205 2539 320 2598 quoqne
339 2522 451 2584 discunt
469 2522 684 2597 reputationes.

275 2613 393 2687 Potest,
416 2619 451 2671 ut
473 2611 621 2687 epistulae
640 2616 673 2670 et
695 2611 840 2672 orationis
859 2618 958 2686 caput.
983 2611 1060 2686 qnod
1085 2628 1172 2673 unum
1198 2620 1254 2685 est,
1278 2619 1332 2672 aut

205 2700 298 2761 inerit
315 2701 346 2760 in
370 2701 503 2760 lontibus
522 2698 669 2759 Sallustio
687 2699 848 2776 'irogoque
871 2701 1075 2776 superioribus
1094 2705 1147 2761 eat
1171 2702 1209 2761 ab
1232 2701 1328 2762 altero

205 2790 246 2850 sit
264 2789 421 2849 conflatum
439 2795 472 2848 et
489 2789 730 2848 commenticium.
933 2868 935 2871 ι

227 2941 229 2946 ,
276 2877 324 2937 Ae
342 2877 468 2952 primunr
487 2877 612 2950 quddam,
635 2893 688 2936 cnr
711 2875 822 2952 duplex
845 2877 887 2936 sit
909 2883 942 2937 et
960 2878 1040 2937 ultre
1060 2883 1120 2937 tam
1138 2876 1240 2939 multis
1258 2876 1332 2938 iocis

205 2964 355 3026 dissonum
374 2981 461 3038 quam
480 2965 649 3042 impositum
666 2967 698 3025 in
717 2970 852 3039 tempora
869 2965 959 3038 longe
975 2966 1057 3026 inter
1075 2983 1108 3026 se
1126 2967 1279 3029 distantia
1298 2974 1333 3026 nt

205 3061 368 3124 annotemus,
390 3054 469 3113 alter
488 3054 527 3112 ad
542 3055 636 3129 ipsam
648 3054 809 3114 veritatem
827 3067 894 3113 esse
906 3054 1025 3114 locutus
1044 3055 1092 3115 rel
1105 3063 1187 3116 certe
1199 3055 1333 3132 proxime

205 3159 277 3202 uero
305 3141 448 3214 abluisse,
477 3142 556 3202 alter
589 3141 686 3202 forma
712 3147 829 3201 mutata
856 3149 1064 3216 argumentum
1096 3145 1335 3205 accommodasse

206 3231 277 3302 suis,
301 3247 378 3304 qnae
404 3231 507 3302 tradit,
531 3231 713 3305 temporibus
739 3236 771 3290 et
788 3230 861 3290 loeis
880 3231 1096 3292 existimandus
1118 3240 1175 3293 est
1212 3232 1280 3293 Hoc
1297 3231 1335 3290 de

205 3317 361 3390 Sallustio,
380 3318 417 3377 de
436 3317 538 3392 'l'rego
557 3315 632 3378 illud
652 3318 805 3392 quomirrus
828 3335 978 3378 sumamus
1002 3320 1213 3381 abstrahimur.
1250 3319 1337 3382 Nihil-

205 3406 282 3464 enim
300 3423 377 3480 esse,
396 3407 474 3480 quod
492 3405 657 3466 Sallustius
676 3406 876 3476 transtulerit.
896 3423 980 3466 rueme
999 3423 1058 3466 non
1077 3408 1200 3484 videbit,
1225 3409 1334 3486 quippe

206 3494 256 3568 qui
274 3495 427 3554 orationes
445 3493 605 3554 rhetoricis
625 3494 808 3554 ornamentis
819 3494 888 3569 plus
901 3510 1005 3568 aequo,
1024 3501 1057 3555 et
1068 3496 1165 3571 magis
1179 3513 1266 3572 quam
1284 3498 1334 3557 ad·

206 3584 263 3642 huc
282 3599 455 3644 concessum
468 3584 510 3643 sit
522 3599 541 3642 a
552 3583 714 3658 plerisque,
732 3583 911 3658 praesertim
924 3583 963 3642 ad
975 3585 1183 3657 cognoscenda
1200 3593 1335 3663 tempora

205 3687 361 3746 moresque
379 3671 528 3731 hominum
547 3677 636 3745 aptas
658 3670 744 3730 libris
763 3671 826 3730 suis
844 3670 1015 3744 inseruerit,
1034 3671 1201 3747 ubieunque
1219 3675 1334 3736 occasio

206 3761 310 3820 oblata
328 3767 385 3820 eat
422 3759 542 3819 llinime
566 3775 638 3819 vero
666 3776 829 3820 sermonem
853 3759 975 3834 diganum
999 3759 1047 3819 eni
1070 3760 1220 3836 credatur,
1248 3763 1275 3822 sl
1297 3777 1335 3823 ex

208 3850 392 3924 temporibus
411 3849 483 3908 belli
507 3847 595 3924 prhni
614 3848 645 3906 in
663 3847 869 3908 Mithridatem
887 3847 1020 3908 inchoati
1038 3848 1076 3908 ab
1094 3845 1210 3910 idoneis
1228 3851 1358 3912 misset-

205 3939 349 4012 rulgstns
368 3938 575 4012 scriptoribus,
595 3937 714 3997 silentio
734 3936 962 4010 dissimulasset,
981 3953 1039 4010 qno
1057 3937 1088 3997 in
1100 3945 1211 3999 natura
1222 3947 1255 4000 et
1270 3941 1336 4000 rita

206 4025 288 4098 regis
307 4025 505 4084 describenda
523 4025 588 4084 eius
606 4025 757 4098 iurgandum
776 4025 950 4099 indolesque
968 4026 1130 4101 praecipue
1150 4026 1272 4103 depingi
1284 4046 1334 4105 po·

206 4120 316 4174 tuerat
352 4114 456 4189 Atque
480 4113 517 4172 de
535 4111 721 4180 Mithridatis
748 4129 860 4187 genere
883 4118 915 4172 et
937 4111 1109 4186 lusionibus,
1139 4119 1201 4174 tnnr
1229 4117 1335 4190 quibus

205 4201 335 4261 moribus
354 4201 456 4270 inerit,
474 4201 647 4276 exposuisse
662 4200 837 4261 Sallustium
857 4217 894 4261 es
907 4199 972 4259 eius
984 4200 1162 4275 fragmentis
1175 4201 1210 4263 11
1221 4205 1258 4265 44
1270 4222 1333 4281 sqq.

205 4295 299 4365 patet.
336 4289 531 4364 Quamquam,
549 4305 615 4350 eum
639 4288 679 4350 ad
701 4306 752 4349 res
770 4289 839 4363 post
857 4305 966 4350 annum
985 4289 1021 4348 78
1038 4295 1144 4364 gestae
1163 4295 1335 4370 accesserit,

277 4520 297 4593 ¹)
316 4521 350 4580 ei.
363 4521 458 4577 Frieke
477 4519 663 4578 Untorsnebnn
684 4538 718 4578 en
730 4519 796 4578 uber
807 4519 849 4577 dia
862 4521 974 4591 Qnellen
987 4517 1034 4579 des
1049 4521 1176 4580 Plutarch
1193 4521 1229 4582 inu
1243 4523 1333 4584 utcu·

418 4588 472 4645 und
492 4589 643 4647 Alcibiades
699 4592 750 4676 ipsi
791 4591 865 4648 1869.
884 4607 929 4664 pp.
947 4591 995 4650 Vl.
1014 4590 1055 4648 18.
1073 4593 1116 4649 dd.
1134 4593 1177 4651 78.
1195 4593 1238 4654 95.

364 4657 457 4714 ΗιιΙιο
476 4657 510 4713 de
526 4659 626 4716 Doride
644 4659 734 4716 Sanno
750 4607 859 4718 firmari
877 4666 984 4719 auctore
1001 4660 1086 4720 Bona.
1106 4662 1181 4725 1874.
1205 4679 1232 4739 p.
1248 4661 1293 4726 88.

362 4724 590 4784 Geeebnmdtner
606 4743 633 4802 p.
650 4727 668 4784 b
685 4745 742 4806 sqq.
921 4760 925 4770 ·
