3274 5032
184 579 190 588 ·
227 535 579 644 principum-eivitatis
601 548 912 618 -interseiennorum
950 567 1052 616 osusa
1087 499 1231 638 parasse,
1269 554 1310 618 et·
1338 569 1398 637 pro
1431 546 1522 617 Sulla

45 641 49 649 ¹
95 729 99 738 .
226 653 629 740 §li-lumniam
651 647 873 733 saltasse),
910 647 1075 736 Torquato
1104 631 1237 718 oofieule
1259 649 1428 737 designato
1443 671 1520 721 oon-
1569 647 1575 659 '

226 757 421 825 iurationem
432 774 502 824 esse
515 754 638 823 tactam
650 758 684 822 st
696 757 859 840 apertam
878 749 1082 826 namCiosro
1097 771 1158 840 pro
1169 750 1291 832 Sullei
1308 753 1357 824 ll.
1375 754 1425 820 12.
1443 773 1520 823 eon·

47 855 77 945 'ff
163 939 165 942 ,
227 858 340 926 silium
361 859 547 945 principum
582 855 738 938 civitatis,
775 853 861 942 quod
894 853 1121 922 oouiuratione
1159 855 1290 941 oognita
1328 855 1521 954 habueruut¹

75 962 90 1032 ¹.
227 964 468 1032 sommemorao
486 979 491 989 ·
510 958 610 1026 Porro
624 977 699 1025 oum
714 956 869 1040 sciamus,
891 953 976 1041 (rid.
997 952 1089 1028 (less.
1106 953 1244 1024 Diouem
1259 958 1312 1040 36,
1336 957 1418 1042 44.),
1439 955 1519 1026 Tor·

37 1144 40 1153 p
226 1069 332 1152 qualo.
346 1067 379 1131 et
398 1058 500 1128 Cotta
519 1060 686 1148 praesidia
706 1079 728 1126 a
748 1062 866 1126 senatu
887 1077 958 1126 osso
980 1077 1143 1143 concessa,
1177 1058 1271 1127 nobis
1286 1058 1393 1140 ,nihil
1427 1058 1520 1127 aliud

129 1195 138 1218 ·
227 1164 426 1252 relinquitur
445 1162 511 1230 nisi
534 1166 571 1230 ut
592 1181 772 1244 sumamus,
794 1158 988 1227 Sallustium
1009 1181 1081 1227 rem
1103 1164 1193 1228 recte
1216 1180 1379 1229 narrasse.

145 1307 151 1319 .
314 1266 426 1335 verba
444 1266 616 1355 scriptoris
638 1285 666 1334 o.
684 1266 741 1348 ³18,
762 1306 777 1348 0
802 1263 898 1349 „iam
912 1267 984 1337 tum
1006 1283 1074 1331 non
1103 1262 1292 1332 oonsulibus
1328 1262 1434 1346 modo,
1468 1270 1521 1332 set

75 1397 82 1433 ι
226 1370 393 1459 plerisque
414 1366 616 1438 senatoribus
641 1365 824 1453 perniciem
843 1363 1136 1451 machinabantur}⁸
1155 1363 1304 1432 historici
1318 1366 1517 1434 recentiores

80 1502 84 1571 j
226 1471 378 1558 scriptori
393 1468 594 1552 sitio-dant,
617 1488 692 1536 oum
715 1466 829 1536 dicant
851 1465 953 1568 (euni.
975 1463 1085 1550 Duos,
1110 1466 1241 1544 dissert
1263 1486 1297 1554 p.
1336 1469 1397 1552 15,
1418 1466 1518 1536 John.

83 1588 85 1669 ζ
220 1594 259 1662 p.
283 1575 344 1640 tu
368 1571 442 1640 Not
467 1572 532 1657 16),
554 1570 648 1638 illum
671 1569 858 1638 disseruere
882 1569 972 1637 inter
994 1567 1171 1636 eonsilium
1193 1568 1236 1637 ool
1270 1567 1344 1638 Καὶ
1376 1569 1452 1638 Jau.
1486 1577 1521 1640 et

225 1676 270 1744 ad
291 1674 402 1744 Nonas
424 1674 515 1766 Febr.
537 1674 669 1744 initum.
702 1670 817 1751 Quam
853 1669 1078 1739 differentiam
1108 1692 1186 1740 esse
1221 1672 1309 1740 inter
1346 1678 1519 1763 utrumque

48 1861 50 1873 Ι
84 1788 88 1870 ζ
225 1777 411 1861 eonsilium,
428 1795 547 1863 ,nepos
571 1775 706 1843 omuino
738 1771 912 1857 contendo,
933 1769 1019 1846 nillil
1042 1772 1236 1843 differentias
1256 1795 1344 1844 esse·
1381 1774 1466 1844 Nam
1488 1777 1518 1844 si

223 1882 368 1970 scriptor.
378 1879 561 1948 :discrimen
583 1877 671 1946 inter
692 1875 792 1946 serbe
814 1895 842 1948 o.
867 1874 922 1958 18,
941 1913 956 1956 ⁸
983 1912 1030 1937 -.
1047 1874 1083 1944 L
1106 1875 1234 1944 Cottam
1257 1883 1292 1946 et
1315 1877 1351 1946 L.
1373 1878 1517 1968 Torque-

148 2047 150 2052 ,
225 1980 651 2052 tumoonaulssinterfioere
664 1975 940 2066 -etverbaquae
951 1979 1223 2074 supradiximus,
1235 1978 1342 2048 lanera
1356 1979 1521 2067 voluisset,

225 2093 298 2154 tum
313 2105 385 2153 non
406 2083 580 2173 particulis
604 2083 691 2168 „iam
712 2079 815 2163 tum“‚
841 2079 910 2148 sed
935 2086 1025 2166 „mm
1038 2073 1218 2166 :demum“,'
1244 2101 1319 2170 quae
1341 2083 1520 2155 discrimen

90 2176 93 2189 ’
152 2237 155 2248 .
209 2187 466 2276 significarent.
493 2207 571 2255 usus
607 2191 707 2254 esset.
761 2182 951 2252 Dubitarim
984 2184 1098 2270 igitur,
1134 2206 1213 2253 num
1234 2186 1407 2272 particula
1430 2190 1518 2274 „iam

225 2289 316 2360 tum¹‘
340 2290 425 2359 iano
445 2287 675 2373 differentiam,
697 2307 811 2377 quam
833 2286 956 2356 adesss.
982 2287 1047 2364 viri
1073 2286 1132 2356 illi
1162 2292 1310 2376 putant·
1335 2289 1521 2375 siguificare

93 2437 104 2479 ,-
225 2395 364 2484 possint
408 2391 568 2481 Equidem
589 2390 755 2475 existimo
772 2389 974 2478 *scriptorem
996 2389 1219 2475 verbm.,‚iam
1235 2396 1305 2458 tum
1338 2389 1409 2459 oto¹⁴
1433 2392 1529 2463 nihil·
1552 2425 1578 2430 ,

57 2489 98 2594 M,
225 2495 320 2565 aliod
342 2495 451 2564 disere
467 2493 614 2562 noluisse
644 2491 711 2560 nisi
734 2491 919 2566 ,eonsilium
955 2490 1201 2559 coniuratorum
1225 2492 1306 2578 iam
1342 2514 1429 2580 anuo
1467 2498 1521 2582 66,

225 2601 294 2670 late
315 2598 472 2688 patuisse,
493 2595 659 2684 quoniam
687 2595 754 2663 iam
784 2601 856 2664 tum
892 2612 959 2672 non
995 2589 1116 2660 modo'
1142 2593 1290 2681 eonsules
1310 2596 1386 2665 'sed
1421 2599 1522 2667 etiam

72 2686 100 2801 ξ
226 2702 409 2773 maximam
429 2703 563 2768 sorssors
584 2703 713 2788 partem
745 2697 907 2766 ooniurati
944 2715 1063 2765 necaro
1097 2695 1134 2763 in
1170 2697 1281 2770 animo
1320 2698 1521 2774 habuissent.

98 2826 100 2840 ·
225 2805 373 2894 Scriptor
393 2802 493 2890 igitur
514 2801 566 2870 his
581 2800 692 2869 verbis
708 2806 836 2868 tantum
851 2799 1088 2884 narrationem,
1104 2818 1203 2888 quarn
1220 2821 1246 2870 o.
1270 2803 1348 2888 18„
1365 2804 1521 2874 brevibus
1548 2817 1551 2824 ⁴

99 2891 101 2908 ’
226 2908 340 2978 verbio
361 2903 466 2990 affort,
487 2905 620 2974 uberius
642 2911 740 2992 atque
764 2902 1114 2990 soouratiuaprolert
1234 2963 1239 2972 .

314 3009 377 3078 Sed
399 3008 540 3092 etiamsi,
571 3015 609 3078 ut
630 3026 731 3095 supra
751 3006 798 3093 (p.
821 3005 858 3091 3)
880 3005 1038 3090 vidimus,
1069 3001 1249 3076 Sallustius
1272 2967 1419 3078 consulto
1440 3007 1522 3078 Cae·

99 3092 102 3203 s
208 3115 316 3183 saris
338 3132 459 3183 nomen
490 3112 621 3182 silentio
644 3133 672 3180 n
698 3111 750 3179 18.
772 3113 826 3178 19.
848 3113 1094 3200 praetermittat
1114 3119 1150 3180 et
1171 3111 1350 3181 catilinam
1372 3113 1521 3202 pervim

226 3217 372 3285 tussibus
393 3215 616 3286 consularibus
637 3213 711 3283 Kal.
726 3213 826 3283 Janu.
842 3233 873 3281 a.
886 3213 942 3282 66.
957 3217 1067 3305 potiri·
1077 3216 1244 3285 studuisse
1266 3215 1352 3284 falso
1378 3237 1521 3285 eommo-

229 3324 336 3408 moret
356 3317 439 3403 (rid.
453 3315 551 3387 John.
566 3336 600 3405 p.
616 3319 691 3384 lli.
706 3317 795 3400 712.)
811 3338 873 3387 neo
888 3318 924 3386 P.
941 3317 1066 3386 Sullam
1081 3317 1139 3386 illo
1155 3325 1301 3408 tempore
1316 3319 1521 3387 coniuratum

71 3409 103 3507 ,’
229 3421 334 3490 tuisse
370 3421 469 3506 diost,
503 3425 616 3488 tamen
641 3420 899 3490 nannetensium
936 3439 1003 3489 uon
1037 3427 1099 3503 eeu.
1136 3419 1326 3491 Sallustium
1350 3422 1390 3491 de
1411 3423 1520 3510 priore

75 3580 78 3589 .
230 3523 454 3595 oonlurations
475 3523 606 3610 omnino
632 3521 719 3590 talea
740 3523 871 3608 reterre,
892 3525 1090 3611 praesertim
1113 3544 1187 3592 oum
1210 3525 1240 3593 ei
1256 3545 1322 3593 noo
1338 3525 1448 3608 tuerit.
1463 3547 1522 3595 our

230 3627 268 3696 io
289 3626 333 3695 iis
352 3625 460 3710 rebus,
480 3643 553 3714 quae
573 3622 616 3691 all
637 3621 810 3692 Caesarem
832 3645 899 3692 nou
927 3625 1134 3714 spectabunt,
1155 3627 1329 3720 enaritate
1346 3628 1521 3712 aberraret,

231 3728 344 3818 ltaque
365 3748 430 3797 non
444 3726 612 3809 hebemus.
634 3747 692 3796 our
712 3726 909 3812 dubitemus,
941 3748 1022 3796 num
1045 3729 1186 3817 seriptor
1206 3749 1283 3798 vera
1306 3728 1348 3798 de
1370 3732 1521 3800 ooniura·

232 3833 322 3902 tione
343 3830 450 3920 priore
471 3835 590 3914 narret,
624 3829 778 3917 quoniam
807 3829 878 3898 dios
910 3834 1017 3898 certos
1049 3830 1200 3900 ollamus
1231 3833 1346 3917 tradit,
1366 3830 1521 3902 Crassum

74 3920 75 3937 ¹
105 3991 107 3999 ,
230 3933 268 4001 in
290 3931 508 4020 suspicionem
529 3937 680 3999 vocatum
702 3931 873 4020 ipsamque
894 3931 986 4000 illam
1026 3933 1284 4003 coniurationem
1319 3936 1356 4004 in
1389 3942 1521 4006 senatus

233 4034 459 4103 auctoritatem
478 4039 573 4121 atque
595 4033 631 4100 in
653 4031 711 4100 Cn
735 4031 925 4123 Pompeium
948 4034 1109 4104 directam
1131 4055 1212 4120 esse,
1235 4041 1268 4106 st
1281 4044 1521 4125 commemorat,

233 4155 299 4226 quo
320 4135 417 4205 modo
436 4136 556 4203 iactum
577 4135 639 4219 sit
666 4141 704 4202 ut
731 4141 864 4205 senatus
885 4134 944 4204 (ln.
967 4133 1119 4207 Pisonem
1141 4137 1375 4209 coniurationia
1396 4141 1520 4212 sooium
1610 4167 1611 4170 ¹

78 4216 82 4239 ⁵
105 4244 107 4330 j
233 4240 271 4308 iu
286 4237 479 4326 Hispaniam
492 4239 688 4323 citeriorem,
699 4239 750 4327 (id
764 4239 852 4329 quod
868 4242 935 4308 iam
950 4241 1114 4310 senioreti
1130 4241 1314 4328 voluerant)
1326 4243 1521 4330 dimitteret,

77 4370 107 4409 ι.
228 4347 274 4407 nt
295 4339 470 4430 provincie
489 4339 539 4408 illi
560 4342 745 4428 imperaret
788 4340 903 4432 Neque
925 4343 1032 4428 magis
1065 4343 1106 4412 de
1137 4344 1275 4415 veritate
1307 4367 1417 4416 eornm
1448 4367 1522 4436 qua
1554 4410 1557 4417 s

235 4442 281 4510 ad
301 4439 412 4510 Nonas
434 4440 625 4512 Februarias
647 4447 726 4513 enni
748 4447 801 4514 65.
829 4447 991 4516 oouiurati
1022 4447 1145 4516 audere
1182 4451 1428 4537 consuluerant,
1461 4455 1521 4522 sed

66 4500 108 4617 11ῑ
236 4562 303 4612 non
323 4544 537 4632 perleesraut,
559 4545 777 4616 dubitandum
799 4549 872 4618 erit
915 4547 1122 4638 Quamquam
1143 4551 1232 4622 leod
1267 4559 1357 4622 oorto
1388 4555 1519 4644 seimus,
