3300 5128
247 879 391 953 quoruodo
410 879 529 940 loeutus
549 879 598 953 sit,
617 895 693 938 ιιιιιιι
713 877 876 938 Fisclrerus
896 878 928 947 (l.
947 876 967 936 l.
985 895 1014 952 p.
1031 871 1081 948 dl)
1105 877 1177 936 lieet
1200 871 1374 950 appendicis

246 969 312 1027 loeo
332 975 511 1027 tamennon
531 965 705 1040 neglexitl),
724 965 754 1024 in
775 982 860 1039 qrrem
878 972 986 1040 postea
998 971 1146 1026 rerer-mr.
1183 961 1268 1038 Quae
1279 961 1376 1033 igitur

247 1055 466 1114 Borcirordtius
490 1053 593 1126 Trogo
617 1069 684 1112 osso
709 1052 893 1126 rossiguauda
917 1051 1116 1125 existirrrarit,
1144 1051 1175 1110 in
1203 1049 1375 1109 conlectura

250 1145 325 1216 soria,
345 1148 487 1217 urrant-mu
507 1140 642 1214 equidem
661 1140 757 1209 rideo.
782 1139 882 1214 posita
901 1139 992 1198 nuliis
1012 1137 1198 1210 argumentis
1216 1135 1375 1195 stabilibus

250 1232 417 1288 tirruautur.
455 1227 532 1287 Sunt
552 1227 658 1300 quibus
678 1224 860 1301 adstipulari
880 1226 986 1300 possis,
1006 1241 1108 1284 rerum
1127 1225 1217 1284 etiam
1235 1239 1311 1296 quae
1328 1239 1376 1282 re·

250 1316 384 1375 iollcuda
407 1315 576 1374 rideantur.
614 1313 681 1374 Non
705 1321 788 1373 recte
811 1313 908 1388 igitur
931 1313 1008 1385 egit,
1037 1313 1088 1387 qui
1111 1311 1269 1371 sententiis
1291 1311 1376 1370 modo

201 1449 202 1452 ,
250 1403 390 1462 inductus
408 1401 485 1461 lraec
503 1409 536 1460 ot
553 1401 629 1460 lraoc
647 1400 758 1462 lustiui
777 1403 871 1461 rerba
890 1420 909 1460 ιι
927 1400 1030 1474 Trogo
1056 1399 1201 1474 originem
1224 1399 1376 1475 accepisse

252 1496 384 1564 censeat,
404 1505 462 1548 uon
481 1489 520 1548 ad
539 1488 578 1560 id,
598 1489 675 1562 quod
687 1489 718 1548 ln
732 1489 868 1548 oratioue
881 1489 946 1549 eins
958 1487 1095 1547 eximium
1109 1488 1190 1562 insit,
1208 1491 1377 1562 respectum

250 1579 373 1638 liabens.
410 1577 524 1637 Verum
543 1575 633 1634 etiam
653 1575 716 1635 still
730 1584 764 1635 ut
782 1577 827 1636 itu
846 1577 942 1636 dicam
961 1575 1192 1658 rationemesse
1205 1573 1377 1647 ducendam,

251 1681 310 1724 non
330 1657 445 1725 toutmu
465 1679 565 1723 rerum
584 1664 616 1722 iu
634 1663 826 1739 prolegorum
845 1663 1032 1737 argumentis
1051 1663 1284 1735 ennuntiatarom,
1307 1677 1377 1736 quo-

251 1753 337 1813 modo
364 1753 444 1828 apud
463 1752 611 1812 Iustinum
635 1767 751 1827 quoqne
775 1753 888 1812 etiusoe
911 1751 982 1819 sint.
1005 1753 1036 1813 in
1055 1751 1301 1826 disquisitionem,
1319 1767 1379 1825 qno

252 1843 304 1901 ille
323 1849 458 1913 eruatur,
477 1841 582 1901 venire
601 1859 675 1916 opus
694 1858 770 1912 esee,
789 1842 847 1901 lroc
865 1842 1000 1902 omuibus
1018 1839 1206 1916 probabitur.

325 1927 462 2003 Longius
487 1931 608 2004 abirem,
632 1931 659 1990 si
682 1931 747 2004 ipse
770 1929 904 2004 Trogum
928 1929 1076 1990 ulustlni
1099 1929 1200 1989 uerbis
1223 1943 1379 1990 secernere
1454 1959 1457 1964 ·

253 2035 400 2092 euperem,
425 2019 534 2092 quippe
558 2017 608 2091 qui
631 2016 782 2076 disserere
805 2018 933 2091 cogitem
962 2018 998 2078 de
1027 2020 1178 2078 amborum
1202 2034 1238 2077 oc
1255 2017 1379 2093 primam

255 2108 371 2182 atridem
399 2105 482 2167 illius
510 2105 619 2166 studiis
647 2103 852 2165 Sallustiauis.
899 2105 950 2166 Aa
983 2107 1061 2182 quod
1089 2107 1116 2166 si
1142 2122 1189 2165 me
1215 2106 1379 2165 conferrem

254 2201 345 2270 atque
364 2201 578 2264 converterem,
597 2193 728 2253 materia
747 2211 848 2254 rorum
867 2196 1011 2271 copiaque
1024 2195 1176 2256 uberrima
1188 2194 1226 2253 ad
1238 2209 1381 2254 commen·
1506 2267 1515 2278 ⁹

148 2283 150 2286 ’
255 2284 401 2344 tationem
420 2282 594 2358 arrupliorem
612 2283 707 2341 lieret
888 2287 892 2292 “

327 2372 396 2431 Hac
423 2370 461 2431 de
489 2387 581 2430 causa
605 2371 727 2438 exilia.
756 2387 842 2444 qnaum
866 2370 957 2446 pleno
981 2389 1000 2431 u
1021 2371 1123 2446 Trogo
1148 2371 1212 2431 sole
1238 2372 1382 2446 originem

256 2459 409 2535 accepisse
439 2455 559 2518 iustini'
579 2459 749 2520 testimonio
777 2461 979 2534 coinfirmatur,
1003 2461 1139 2520 oratioue
1167 2460 1275 2522 studiis
1301 2461 1383 2521 iliius

257 2547 453 2608 Sallustianis
482 2549 617 2609 excussis
644 2549 671 2609 si
694 2565 754 2607 ιιιιιι
781 2565 847 2608 cum
870 2547 988 2608 Iustino
1017 2549 1223 2611 absconditum
1250 2548 1409 2624 Trognm'

255 2637 469 2696 examinemus.

327 2724 380 2784 Ad
398 2723 473 2784 baec
492 2722 587 2798 Trogi
600 2723 780 2799 iragrueuta,
799 2741 876 2800 quae
890 2723 1000 2785 Iustini
1019 2725 1171 2800 excerptis
1184 2726 1384 2801 continentur,

256 2812 386 2873 addendi
404 2819 477 2872 sunt
494 2813 561 2887 loci,
581 2831 653 2888 quos
673 2820 706 2873 et
724 2813 776 2874 alii
794 2830 895 2874 rerum
914 2814 1089 2888 scriptores,
1109 2813 1160 2873 nbi
1173 2815 1276 2875 eadem
1293 2820 1383 2890 atque

256 2900 378 2975 Trogus
397 2908 551 2975 enarrant,
570 2919 607 2961 ex
626 2903 689 2962 eius
708 2901 795 2962 libris
815 2919 848 2960 se
873 2903 936 2961 suls
958 2903 1125 2963 iutoxulsse
1151 2905 1331 2980 proilteutnr
1352 2909 1386 2962 et

257 2989 448 3062 grammatici
466 2997 556 3064 atque
575 2996 824 3050 commentatores
847 2989 983 3051 laudant.
1024 2989 1062 3050 In
1086 2992 1193 3064 quibus
1216 3009 1275 3052 non
1298 2991 1384 3051 diesi·

256 3078 373 3137 roulant
391 3077 487 3152 Trogi
505 3095 619 3153 nomen,
638 3080 744 3139 ualent
761 3079 874 3153 eodem,
899 3095 976 3153 quae
995 3096 1089 3155 supra
1107 3079 1167 3140 iam
1186 3081 1222 3140 de
1241 3080 1288 3154 iis,
1312 3095 1385 3154 quos

257 3166 393 3226 Iustinus
422 3167 638 3243 complectitur,
667 3167 786 3227 leeutue
815 3182 887 3226 sunu.
925 3166 1013 3240 Quod
1041 3167 1081 3226 ad
1105 3183 1258 3227 numerum
1280 3167 1385 3227 luorum

256 3255 493 3330 fragmentorum
512 3255 632 3328 attinet,
651 3271 696 3315 ure
715 3253 917 3314 Gutscirmidii
935 3255 1040 3315 subtili
1063 3261 1154 3329 atque
1182 3262 1325 3322 ammata
1343 3256 1386 3317 di·

257 3344 430 3418 sputat-ione
450 3344 494 3403 utl
513 3360 636 3417 eamque
655 3361 710 3419 pro
729 3343 922 3404 laudamento
941 3343 1112 3419 quaestioni
1128 3359 1148 3402 a
1164 3360 1210 3403 me
1228 3343 1386 3404 institutae

257 3450 370 3508 ponere
395 3448 485 3507 posse
507 3432 634 3504 gaudeo,
662 3432 712 3505 qui
739 3431 854 3504 lugeuil
882 3431 1017 3490 aeurruiue
1035 3429 1132 3504 Trogi
1159 3432 1283 3507 propria
1311 3449 1387 3507 quae

258 3522 424 3581 creduntur
453 3537 471 3578 a
500 3520 679 3594 scriptorum
706 3519 884 3594 posterioria
912 3519 1056 3594 temporis
1084 3521 1225 3595 operibus
1252 3520 1387 3582 seiuncta

258 3608 429 3669 minutatim
452 3608 635 3682 introspexit
658 3609 866 3682 cognovitque,
886 3623 1042 3690 'quaenam
1064 3610 1171 3670 merito
1196 3609 1388 3671 attribuenda

259 3697 371 3772 Trogo,
392 3713 468 3770 quae
487 3697 605 3757 Iustino
625 3697 687 3756 siut
705 3697 905 3771 epitomatori,
925 3703 958 3756 et
976 3713 1019 3768 eo,
1039 3696 1090 3757 ubi
1102 3699 1268 3760 consistere
1281 3698 1388 3776 poesie,

258 3802 321 3844 rem
340 3784 491 3859 perduxit
527 3785 596 3844 Hoc
614 3783 710 3858 Trogi
733 3785 971 3860 fragmentorum
994 3781 1090 3858 genus
1114 3802 1135 3845 a
1156 3785 1274 3848 minime
1297 3787 1388 3849 certi·

260 3873 434 3934 auctoribus
462 3871 620 3946 vulgatum
647 3890 743 3948 oeque
771 3874 961 3948 eouspieuum
985 3873 1077 3933 tertio
1101 3874 1151 3933 rel
1175 3867 1336 3950 postremo,
1362 3872 1389 3935 el

260 3961 303 4020 sic
322 3960 484 4036 dispertire
504 3960 618 4019 licitum
636 3961 707 4020 nrilri
726 3977 956 4034 concessumque
975 3967 1031 4033 est,
1051 3960 1188 4022 adhiberi
1205 3979 1282 4024 eme
1294 3961 1389 4038 Trogi

260 4052 362 4111 studia
381 4047 570 4108 Sallustiana
587 4049 772 4122 exquisitore
792 4055 920 4124 oportet
949 4049 1093 4110 Forsitan
1111 4051 1258 4126 quispiam
1269 4051 1389 4126 dixerit,

261 4139 331 4212 quid
355 4139 397 4198 sit
415 4153 612 4208 mosaeam
636 4153 672 4195 ea
695 4143 855 4212 tantopere
879 4137 1096 4212 derelinquam!
1119 4138 1213 4215 Apud
1231 4137 1389 4212 Iustinum,

261 4239 326 4284 com
342 4243 400 4284 nou
414 4225 500 4284 modo
513 4225 543 4284 iu
557 4225 685 4298 singulis
697 4225 799 4285 verbis
812 4223 1006 4300 iorrrmlisque
1019 4225 1159 4300 loquendi
1171 4229 1389 4303 consumendis,

261 4313 314 4375 sed
338 4314 429 4372 etiam
457 4313 488 4373 iu
522 4311 668 4372 orationis
702 4312 799 4373 iorrua
823 4313 974 4374 interdum
997 4322 1029 4376 ot
1052 4315 1211 4376 sententiis
1233 4315 1308 4392 ipris
1330 4329 1389 4377 uon

333 4545 353 4618 ¹)
372 4541 448 4614 Quod
467 4543 498 4601 L.
517 4543 547 4602 T.
566 4543 716 4617 ilcilbergii
742 4543 840 4604 librum
870 4543 903 4603 de
921 4543 1010 4620 Trogo
1027 4544 1154 4622 Pompeio
1171 4545 1255 4606 Paria
1276 4545 1344 4606 1869
1360 4545 1390 4606 in

259 4614 432 4675 bibliothecis
450 4615 547 4672 nostrie
564 4631 616 4671 non
644 4617 729 4688 reperi
753 4633 915 4689 magnopere
933 4616 1025 4684 (lolem
1047 4617 1168 4675 Romeiii
1193 4635 1227 4691 qn
1280 4634 1295 4676 e
1318 4633 1390 4675 eom·

259 4684 505 4828 ἓιὴιὲιιιιιιὶιέιιιιᾚιῖι
523 4683 667 4742 latinitatis
685 4684 848 4742 iustinianne
873 4689 971 4744 nutura
993 4685 1204 4746 Hermeenstadt
1232 4693 1243 4747 l
1324 4703 1390 4746 nen·
