<?xml version="1.0" encoding="UTF-8"?>
<!DOCTYPE html PUBLIC "-//W3C//DTD XHTML 1.0 Transitional//EN"
    "http://www.w3.org/TR/xhtml1/DTD/xhtml1-transitional.dtd">
<html xmlns="http://www.w3.org/1999/xhtml" xml:lang="en" lang="en">
 <head>
  <title>
</title>
<meta http-equiv="Content-Type" content="text/html;charset=utf-8" />
  <meta name='ocr-system' content='tesseract 3.04.00' />
  <meta name='ocr-capabilities' content='ocr_page ocr_carea ocr_par ocr_line ocrx_word'/>
</head>
<body>
  <div class='ocr_page' id='page_1' title='image "./deconiurationec00bessgoog/deconiurationec00bessgoog_0184.png"; bbox 0 0 3308 5120; ppageno 0'>
   <div class='ocr_carea' id='block_1_1' title="bbox 318 909 1492 2388">
    <p class='ocr_par' dir='ltr' id='par_1_1' title="bbox 318 909 1492 2388">
     <span class='ocr_line' id='line_1_1' title="bbox 318 909 1487 1004; baseline -0.003 -24"><span class='ocrx_word' id='word_1_1' title='bbox 318 914 452 1004; x_wconf 82' lang='lat' dir='ltr'><strong>Insuper</strong></span> <span class='ocrx_word' id='word_1_2' title='bbox 478 913 537 979; x_wconf 83' lang='lat' dir='ltr'>lure</span> <span class='ocrx_word' id='word_1_3' title='bbox 569 922 676 980; x_wconf 74' lang='lat' dir='ltr'>aristae</span> <span class='ocrx_word' id='word_1_4' title='bbox 704 911 963 992; x_wconf 76' lang='lat' dir='ltr'>tleelmrmtioaes,</span> <span class='ocrx_word' id='word_1_5' title='bbox 992 934 1055 977; x_wconf 89' lang='lat' dir='ltr'>noo</span> <span class='ocrx_word' id='word_1_6' title='bbox 1083 910 1254 977; x_wconf 80' lang='lat' dir='ltr'>dissimiles</span> <span class='ocrx_word' id='word_1_7' title='bbox 1281 912 1341 988; x_wconf 84' lang='lat' dir='ltr'>eis,</span> <span class='ocrx_word' id='word_1_8' title='bbox 1372 909 1487 998; x_wconf 90' lang='lat' dir='ltr'>quibus</span> 
     </span>
     <span class='ocr_line' id='line_1_2' title="bbox 318 1017 1488 1107; baseline -0.004 -20"><span class='ocrx_word' id='word_1_9' title='bbox 318 1021 434 1087; x_wconf 85' lang='lat' dir='ltr'>nostris</span> <span class='ocrx_word' id='word_1_10' title='bbox 470 1019 664 1107; x_wconf 69' lang='lat' dir='ltr'>temporibus</span> <span class='ocrx_word' id='word_1_11' title='bbox 699 1018 815 1083; x_wconf 80' lang='lat' dir='ltr'>tmlridi</span> <span class='ocrx_word' id='word_1_12' title='bbox 852 1018 995 1084; x_wconf 88' lang='lat' dir='ltr'>homiues</span> <span class='ocrx_word' id='word_1_13' title='bbox 1032 1017 1144 1104; x_wconf 79' lang='lat' dir='ltr'>uolgus</span> <span class='ocrx_word' id='word_1_14' title='bbox 1182 1019 1320 1082; x_wconf 87' lang='lat' dir='ltr'>intimum</span> <span class='ocrx_word' id='word_1_15' title='bbox 1359 1017 1488 1082; x_wconf 82' lang='lat' dir='ltr'>innitare</span> 
     </span>
     <span class='ocr_line' id='line_1_3' title="bbox 318 1124 1488 1218; baseline -0.003 -26"><span class='ocrx_word' id='word_1_16' title='bbox 318 1127 461 1206; x_wconf 80' lang='lat' dir='ltr'><strong>student,</strong></span> <span class='ocrx_word' id='word_1_17' title='bbox 504 1127 565 1192; x_wconf 89' lang='lat' dir='ltr'>illis</span> <span class='ocrx_word' id='word_1_18' title='bbox 600 1127 676 1192; x_wconf 82' lang='lat' dir='ltr'>uiris</span> <span class='ocrx_word' id='word_1_19' title='bbox 711 1127 845 1191; x_wconf 80' lang='lat' dir='ltr'>arraxime</span> <span class='ocrx_word' id='word_1_20' title='bbox 878 1125 908 1190; x_wconf 91' lang='lat' dir='ltr'>iu</span> <span class='ocrx_word' id='word_1_21' title='bbox 942 1124 1100 1218; x_wconf 76' lang='lat' dir='ltr'>republica</span> <span class='ocrx_word' id='word_1_22' title='bbox 1134 1125 1267 1190; x_wconf 81' lang='lat' dir='ltr'>uersutis</span> <span class='ocrx_word' id='word_1_23' title='bbox 1300 1125 1353 1188; x_wconf 84' lang='lat' dir='ltr'>rix</span> <span class='ocrx_word' id='word_1_24' title='bbox 1388 1125 1488 1189; x_wconf 91' lang='lat' dir='ltr'>risum</span> 
     </span>
     <span class='ocr_line' id='line_1_4' title="bbox 319 1217 1487 1318; baseline -0.004 -18"><span class='ocrx_word' id='word_1_25' title='bbox 319 1233 501 1300; x_wconf 79' lang='lat' dir='ltr'>movissent.</span> <span class='ocrx_word' id='word_1_26' title='bbox 546 1232 659 1318; x_wconf 85' lang='lat' dir='ltr'>Neque</span> <span class='ocrx_word' id='word_1_27' title='bbox 687 1217 770 1298; x_wconf 89' lang='lat' dir='ltr'>euim</span> <span class='ocrx_word' id='word_1_28' title='bbox 798 1233 942 1318; x_wconf 80' lang='lat' dir='ltr'>cuiquam</span> <span class='ocrx_word' id='word_1_29' title='bbox 966 1232 1106 1317; x_wconf 82' lang='lat' dir='ltr'>ignotam</span> <span class='ocrx_word' id='word_1_30' title='bbox 1129 1241 1211 1312; x_wconf 85' lang='lat' dir='ltr'>erat,</span> <span class='ocrx_word' id='word_1_31' title='bbox 1240 1229 1279 1296; x_wconf 88' lang='lat' dir='ltr'>nd</span> <span class='ocrx_word' id='word_1_32' title='bbox 1304 1230 1487 1318; x_wconf 78' lang='lat' dir='ltr'>petitionem</span> 
     </span>
     <span class='ocr_line' id='line_1_5' title="bbox 318 1336 1489 1428; baseline -0.003 -22"><span class='ocrx_word' id='word_1_33' title='bbox 318 1341 451 1428; x_wconf 87' lang='lat' dir='ltr'>pecunia</span> <span class='ocrx_word' id='word_1_34' title='bbox 477 1361 577 1426; x_wconf 88' lang='lat' dir='ltr'>euque</span> <span class='ocrx_word' id='word_1_35' title='bbox 605 1361 667 1404; x_wconf 90' lang='lat' dir='ltr'>non</span> <span class='ocrx_word' id='word_1_36' title='bbox 696 1361 795 1426; x_wconf 77' lang='lat' dir='ltr'>parra</span> <span class='ocrx_word' id='word_1_37' title='bbox 823 1360 904 1425; x_wconf 88' lang='lat' dir='ltr'>opus</span> <span class='ocrx_word' id='word_1_38' title='bbox 927 1360 1014 1418; x_wconf 87' lang='lat' dir='ltr'>esse;</span> <span class='ocrx_word' id='word_1_39' title='bbox 1046 1336 1206 1424; x_wconf 86' lang='lat' dir='ltr'>quomodo</span> <span class='ocrx_word' id='word_1_40' title='bbox 1230 1336 1367 1402; x_wconf 85' lang='lat' dir='ltr'>Catilina</span> <span class='ocrx_word' id='word_1_41' title='bbox 1389 1336 1489 1404; x_wconf 84' lang='lat' dir='ltr'>libem</span> 
     </span>
     <span class='ocr_line' id='line_1_6' title="bbox 319 1442 1489 1534; baseline -0.002 -24"><span class='ocrx_word' id='word_1_42' title='bbox 319 1446 524 1534; x_wconf 82' lang='lat' dir='ltr'>professione,</span> <span class='ocrx_word' id='word_1_43' title='bbox 546 1443 606 1510; x_wconf 90' lang='lat' dir='ltr'>sibi</span> <span class='ocrx_word' id='word_1_44' title='bbox 631 1468 696 1511; x_wconf 90' lang='lat' dir='ltr'>rem</span> <span class='ocrx_word' id='word_1_45' title='bbox 717 1466 788 1510; x_wconf 89' lang='lat' dir='ltr'>esse</span> <span class='ocrx_word' id='word_1_46' title='bbox 803 1443 930 1524; x_wconf 76' lang='lat' dir='ltr'>atillam,</span> <span class='ocrx_word' id='word_1_47' title='bbox 952 1443 1090 1510; x_wconf 88' lang='lat' dir='ltr'>laborem</span> <span class='ocrx_word' id='word_1_48' title='bbox 1107 1467 1199 1510; x_wconf 88' lang='lat' dir='ltr'>suum</span> <span class='ocrx_word' id='word_1_49' title='bbox 1216 1444 1284 1531; x_wconf 89' lang='lat' dir='ltr'>ipse</span> <span class='ocrx_word' id='word_1_50' title='bbox 1300 1442 1489 1509; x_wconf 81' lang='lat' dir='ltr'>labeiaetare</span> 
     </span>
     <span class='ocr_line' id='line_1_7' title="bbox 319 1549 1490 1641; baseline -0.003 -24"><span class='ocrx_word' id='word_1_51' title='bbox 319 1553 431 1641; x_wconf 79' lang='lat' dir='ltr'>potuit.</span> <span class='ocrx_word' id='word_1_52' title='bbox 476 1550 647 1632; x_wconf 79' lang='lat' dir='ltr'>Quomodo</span> <span class='ocrx_word' id='word_1_53' title='bbox 670 1574 734 1616; x_wconf 93' lang='lat' dir='ltr'>uuo</span> <span class='ocrx_word' id='word_1_54' title='bbox 756 1553 845 1638; x_wconf 73' lang='lat' dir='ltr'>qumi</span> <span class='ocrx_word' id='word_1_55' title='bbox 868 1551 982 1638; x_wconf 86' lang='lat' dir='ltr'>spiritu</span> <span class='ocrx_word' id='word_1_56' title='bbox 1005 1549 1110 1616; x_wconf 86' lang='lat' dir='ltr'>dicere</span> <span class='ocrx_word' id='word_1_57' title='bbox 1133 1552 1236 1637; x_wconf 76' lang='lat' dir='ltr'>potuit</span> <span class='ocrx_word' id='word_1_58' title='bbox 1263 1551 1345 1637; x_wconf 85' lang='lat' dir='ltr'>quid</span> <span class='ocrx_word' id='word_1_59' title='bbox 1369 1551 1490 1636; x_wconf 76' lang='lat' dir='ltr'>reliqui</span> 
     </span>
     <span class='ocr_line' id='line_1_8' title="bbox 319 1657 1488 1746; baseline -0.002 -22"><span class='ocrx_word' id='word_1_60' title='bbox 319 1660 476 1726; x_wconf 80' lang='lat' dir='ltr'>babemus</span> <span class='ocrx_word' id='word_1_61' title='bbox 499 1665 632 1746; x_wconf 84' lang='lat' dir='ltr'>praeter</span> <span class='ocrx_word' id='word_1_62' title='bbox 662 1659 816 1724; x_wconf 73' lang='lat' dir='ltr'>eniserunt</span> <span class='ocrx_word' id='word_1_63' title='bbox 844 1659 1020 1723; x_wconf 76' lang='lat' dir='ltr'>arrianum?</span> <span class='ocrx_word' id='word_1_64' title='bbox 1052 1665 1084 1722; x_wconf 88' lang='lat' dir='ltr'>et</span> <span class='ocrx_word' id='word_1_65' title='bbox 1107 1657 1185 1724; x_wconf 83' lang='lat' dir='ltr'>iraee</span> <span class='ocrx_word' id='word_1_66' title='bbox 1208 1659 1296 1744; x_wconf 84' lang='lat' dir='ltr'>ipsu,</span> <span class='ocrx_word' id='word_1_67' title='bbox 1328 1664 1363 1722; x_wconf 87' lang='lat' dir='ltr'>ut</span> <span class='ocrx_word' id='word_1_68' title='bbox 1385 1678 1488 1742; x_wconf 83' lang='lat' dir='ltr'>spere.</span> 
     </span>
     <span class='ocr_line' id='line_1_9' title="bbox 323 1763 1490 1851; baseline -0.003 -19"><span class='ocrx_word' id='word_1_69' title='bbox 323 1767 485 1832; x_wconf 73' lang='lat' dir='ltr'>nobiseum</span> <span class='ocrx_word' id='word_1_70' title='bbox 519 1788 589 1831; x_wconf 79' lang='lat' dir='ltr'>urm</span> <span class='ocrx_word' id='word_1_71' title='bbox 619 1767 736 1832; x_wconf 82' lang='lat' dir='ltr'>cousul</span> <span class='ocrx_word' id='word_1_72' title='bbox 763 1767 904 1850; x_wconf 70' lang='lat' dir='ltr'>aynau?</span> <span class='ocrx_word' id='word_1_73' title='bbox 950 1763 1120 1851; x_wconf 77' lang='lat' dir='ltr'>Nunquam</span> <span class='ocrx_word' id='word_1_74' title='bbox 1147 1763 1281 1830; x_wconf 89' lang='lat' dir='ltr'>eallidus</span> <span class='ocrx_word' id='word_1_75' title='bbox 1308 1763 1402 1829; x_wconf 91' lang='lat' dir='ltr'>homo</span> <span class='ocrx_word' id='word_1_76' title='bbox 1425 1773 1490 1829; x_wconf 84' lang='lat' dir='ltr'>tam</span> 
     </span>
     <span class='ocr_line' id='line_1_10' title="bbox 321 1870 1490 1961; baseline -0.002 -23"><span class='ocrx_word' id='word_1_77' title='bbox 321 1873 427 1961; x_wconf 87' lang='lat' dir='ltr'>inepte</span> <span class='ocrx_word' id='word_1_78' title='bbox 453 1871 577 1938; x_wconf 87' lang='lat' dir='ltr'>loeutus</span> <span class='ocrx_word' id='word_1_79' title='bbox 604 1881 699 1938; x_wconf 77' lang='lat' dir='ltr'>esset.</span> <span class='ocrx_word' id='word_1_80' title='bbox 744 1870 868 1950; x_wconf 82' lang='lat' dir='ltr'>Quodsi</span> <span class='ocrx_word' id='word_1_81' title='bbox 897 1881 932 1936; x_wconf 89' lang='lat' dir='ltr'>ut</span> <span class='ocrx_word' id='word_1_82' title='bbox 954 1880 1072 1950; x_wconf 83' lang='lat' dir='ltr'>retem,</span> <span class='ocrx_word' id='word_1_83' title='bbox 1101 1872 1147 1936; x_wconf 91' lang='lat' dir='ltr'>sie</span> <span class='ocrx_word' id='word_1_84' title='bbox 1170 1870 1251 1936; x_wconf 90' lang='lat' dir='ltr'>hane</span> <span class='ocrx_word' id='word_1_85' title='bbox 1273 1892 1398 1958; x_wconf 91' lang='lat' dir='ltr'>quoque</span> <span class='ocrx_word' id='word_1_86' title='bbox 1420 1891 1490 1936; x_wconf 81' lang='lat' dir='ltr'>om·</span> 
     </span>
     <span class='ocr_line' id='line_1_11' title="bbox 321 1977 1491 2065; baseline -0.002 -20"><span class='ocrx_word' id='word_1_87' title='bbox 321 1980 438 2045; x_wconf 84' lang='lat' dir='ltr'>tionem</span> <span class='ocrx_word' id='word_1_88' title='bbox 461 1979 548 2044; x_wconf 89' lang='lat' dir='ltr'>Baar</span> <span class='ocrx_word' id='word_1_89' title='bbox 569 1987 684 2059; x_wconf 88' lang='lat' dir='ltr'>tuetur,</span> <span class='ocrx_word' id='word_1_90' title='bbox 707 1980 815 2044; x_wconf 84' lang='lat' dir='ltr'>neseio</span> <span class='ocrx_word' id='word_1_91' title='bbox 837 2001 876 2044; x_wconf 88' lang='lat' dir='ltr'>aa</span> <span class='ocrx_word' id='word_1_92' title='bbox 901 1978 961 2065; x_wconf 86' lang='lat' dir='ltr'>ipsi</span> <span class='ocrx_word' id='word_1_93' title='bbox 978 1977 1128 2044; x_wconf 83' lang='lat' dir='ltr'>Sallustio</span> <span class='ocrx_word' id='word_1_94' title='bbox 1152 1986 1366 2065; x_wconf 83' lang='lat' dir='ltr'>propugnator</span> <span class='ocrx_word' id='word_1_95' title='bbox 1387 1977 1491 2064; x_wconf 81' lang='lat' dir='ltr'>ingra-</span> 
     </span>
     <span class='ocr_line' id='line_1_12' title="bbox 321 2084 1489 2172; baseline -0.001 -21"><span class='ocrx_word' id='word_1_96' title='bbox 321 2097 373 2152; x_wconf 90' lang='lat' dir='ltr'>tus</span> <span class='ocrx_word' id='word_1_97' title='bbox 404 2085 529 2152; x_wconf 86' lang='lat' dir='ltr'>iuturus</span> <span class='ocrx_word' id='word_1_98' title='bbox 562 2085 672 2166; x_wconf 86' lang='lat' dir='ltr'>fuerit;</span> <span class='ocrx_word' id='word_1_99' title='bbox 705 2084 872 2152; x_wconf 82' lang='lat' dir='ltr'>Sallustius</span> <span class='ocrx_word' id='word_1_100' title='bbox 902 2084 985 2150; x_wconf 88' lang='lat' dir='ltr'>enim</span> <span class='ocrx_word' id='word_1_101' title='bbox 1018 2084 1174 2150; x_wconf 85' lang='lat' dir='ltr'>rhetorica</span> <span class='ocrx_word' id='word_1_102' title='bbox 1209 2084 1279 2172; x_wconf 85' lang='lat' dir='ltr'>lege</span> <span class='ocrx_word' id='word_1_103' title='bbox 1317 2084 1489 2150; x_wconf 85' lang='lat' dir='ltr'>emtionem</span> 
     </span>
     <span class='ocr_line' id='line_1_13' title="bbox 321 2190 1492 2279; baseline -0.002 -21"><span class='ocrx_word' id='word_1_104' title='bbox 321 2193 479 2260; x_wconf 88' lang='lat' dir='ltr'>aestimari</span> <span class='ocrx_word' id='word_1_105' title='bbox 509 2193 624 2274; x_wconf 80' lang='lat' dir='ltr'>veluit,</span> <span class='ocrx_word' id='word_1_106' title='bbox 656 2215 719 2258; x_wconf 91' lang='lat' dir='ltr'>uon</span> <span class='ocrx_word' id='word_1_107' title='bbox 746 2192 807 2258; x_wconf 86' lang='lat' dir='ltr'>alia</span> <span class='ocrx_word' id='word_1_108' title='bbox 833 2190 984 2279; x_wconf 87' lang='lat' dir='ltr'>quadarn,</span> <span class='ocrx_word' id='word_1_109' title='bbox 1013 2202 1046 2256; x_wconf 87' lang='lat' dir='ltr'>et</span> <span class='ocrx_word' id='word_1_110' title='bbox 1067 2191 1154 2278; x_wconf 91' lang='lat' dir='ltr'>qaod</span> <span class='ocrx_word' id='word_1_111' title='bbox 1177 2190 1218 2258; x_wconf 88' lang='lat' dir='ltr'>ad</span> <span class='ocrx_word' id='word_1_112' title='bbox 1240 2191 1346 2258; x_wconf 88' lang='lat' dir='ltr'>stilum</span> <span class='ocrx_word' id='word_1_113' title='bbox 1370 2191 1492 2271; x_wconf 85' lang='lat' dir='ltr'>attinet,</span> 
     </span>
     <span class='ocr_line' id='line_1_14' title="bbox 322 2295 1492 2388; baseline 0 -25"><span class='ocrx_word' id='word_1_114' title='bbox 322 2299 462 2387; x_wconf 62' lang='lat' dir='ltr'>perfeeto</span> <span class='ocrx_word' id='word_1_115' title='bbox 489 2308 547 2365; x_wconf 79' lang='lat' dir='ltr'>est.</span> <span class='ocrx_word' id='word_1_116' title='bbox 592 2299 665 2365; x_wconf 89' lang='lat' dir='ltr'>Hae</span> <span class='ocrx_word' id='word_1_117' title='bbox 696 2301 764 2388; x_wconf 87' lang='lat' dir='ltr'>ipsa</span> <span class='ocrx_word' id='word_1_118' title='bbox 789 2297 914 2364; x_wconf 85' lang='lat' dir='ltr'>dicendi</span> <span class='ocrx_word' id='word_1_119' title='bbox 943 2301 1059 2364; x_wconf 80' lang='lat' dir='ltr'>virtuto</span> <span class='ocrx_word' id='word_1_120' title='bbox 1087 2297 1149 2365; x_wconf 88' lang='lat' dir='ltr'>boe</span> <span class='ocrx_word' id='word_1_121' title='bbox 1176 2309 1271 2386; x_wconf 89' lang='lat' dir='ltr'>eaput</span> <span class='ocrx_word' id='word_1_122' title='bbox 1299 2300 1340 2364; x_wconf 87' lang='grc'>20</span> <span class='ocrx_word' id='word_1_123' title='bbox 1369 2295 1492 2364; x_wconf 81' lang='lat' dir='ltr'>ndeoo</span> 
     </span>
    </p>
   </div>
   <div class='ocr_carea' id='block_1_2' title="bbox 219 2403 1492 2493">
    <p class='ocr_par' dir='ltr' id='par_1_2' title="bbox 219 2403 1492 2493">
     <span class='ocr_line' id='line_1_15' title="bbox 219 2403 1492 2493; baseline 0.002 -27"><span class='ocrx_word' id='word_1_124' title='bbox 219 2457 223 2466; x_wconf 92' lang='lat'><em>.</em></span> <span class='ocrx_word' id='word_1_125' title='bbox 322 2406 434 2472; x_wconf 84' lang='lat' dir='ltr'>ceteris</span> <span class='ocrx_word' id='word_1_126' title='bbox 450 2405 606 2486; x_wconf 88' lang='lat' dir='ltr'>abhorret,</span> <span class='ocrx_word' id='word_1_127' title='bbox 629 2419 663 2471; x_wconf 89' lang='lat' dir='ltr'>at</span> <span class='ocrx_word' id='word_1_128' title='bbox 680 2403 815 2472; x_wconf 84' lang='lat' dir='ltr'>dubitari</span> <span class='ocrx_word' id='word_1_129' title='bbox 833 2416 976 2493; x_wconf 86' lang='lat' dir='ltr'>nequeat,</span> <span class='ocrx_word' id='word_1_130' title='bbox 998 2406 1074 2492; x_wconf 91' lang='lat' dir='ltr'>quin</span> <span class='ocrx_word' id='word_1_131' title='bbox 1101 2428 1165 2471; x_wconf 93' lang='lat' dir='ltr'>uon</span> <span class='ocrx_word' id='word_1_132' title='bbox 1180 2405 1306 2486; x_wconf 80' lang='lat' dir='ltr'>marsim,</span> <span class='ocrx_word' id='word_1_133' title='bbox 1329 2413 1363 2470; x_wconf 91' lang='lat' dir='ltr'>ut</span> <span class='ocrx_word' id='word_1_134' title='bbox 1378 2414 1492 2484; x_wconf 84' lang='lat' dir='ltr'>eetem,</span> 
     </span>
    </p>
   </div>
   <div class='ocr_carea' id='block_1_3' title="bbox 323 2511 1501 4632">
    <p class='ocr_par' dir='ltr' id='par_1_3' title="bbox 323 2511 1501 4632">
     <span class='ocr_line' id='line_1_16' title="bbox 323 2511 1492 2600; baseline -0.003 -22"><span class='ocrx_word' id='word_1_135' title='bbox 323 2511 380 2578; x_wconf 80' lang='lat' dir='ltr'>sed</span> <span class='ocrx_word' id='word_1_136' title='bbox 403 2512 641 2599; x_wconf 84' lang='lat' dir='ltr'>diligentissime</span> <span class='ocrx_word' id='word_1_137' title='bbox 664 2513 874 2600; x_wconf 84' lang='lat' dir='ltr'>compositum</span> <span class='ocrx_word' id='word_1_138' title='bbox 898 2513 948 2592; x_wconf 88' lang='lat' dir='ltr'>sit,</span> <span class='ocrx_word' id='word_1_139' title='bbox 972 2522 1006 2578; x_wconf 93' lang='lat' dir='ltr'>ut</span> <span class='ocrx_word' id='word_1_140' title='bbox 1018 2535 1069 2578; x_wconf 89' lang='lat' dir='ltr'>ars</span> <span class='ocrx_word' id='word_1_141' title='bbox 1081 2522 1114 2578; x_wconf 87' lang='lat' dir='ltr'>et</span> <span class='ocrx_word' id='word_1_142' title='bbox 1135 2511 1314 2600; x_wconf 88' lang='lat' dir='ltr'>eloquentia</span> <span class='ocrx_word' id='word_1_143' title='bbox 1330 2511 1492 2598; x_wconf 86' lang='lat' dir='ltr'>seripton&#39;s</span> 
     </span>
     <span class='ocr_line' id='line_1_17' title="bbox 323 2603 1492 2707; baseline 0 -23"><span class='ocrx_word' id='word_1_144' title='bbox 323 2643 362 2685; x_wconf 88' lang='lat' dir='ltr'>ex</span> <span class='ocrx_word' id='word_1_145' title='bbox 393 2643 431 2685; x_wconf 90' lang='lat' dir='ltr'>eo</span> <span class='ocrx_word' id='word_1_146' title='bbox 460 2629 676 2707; x_wconf 82' lang='lat' dir='ltr'>cognoscatur.</span> <span class='ocrx_word' id='word_1_147' title='bbox 723 2619 905 2687; x_wconf 83' lang='lat' dir='ltr'>Verisimile</span> <span class='ocrx_word' id='word_1_148' title='bbox 937 2629 996 2700; x_wconf 86' lang='lat' dir='ltr'>est,</span> <span class='ocrx_word' id='word_1_149' title='bbox 1024 2621 1183 2686; x_wconf 87' lang='lat' dir='ltr'>orationes</span> <span class='ocrx_word' id='word_1_150' title='bbox 1211 2619 1307 2684; x_wconf 88' lang='lat' dir='ltr'>totius</span> <span class='ocrx_word' id='word_1_151' title='bbox 1334 2603 1492 2684; x_wconf 81' lang='lat' dir='ltr'>commen·</span> 
     </span>
     <span class='ocr_line' id='line_1_18' title="bbox 324 2723 1493 2814; baseline -0.002 -22"><span class='ocrx_word' id='word_1_152' title='bbox 324 2727 394 2792; x_wconf 80' lang='lat' dir='ltr'>tarii</span> <span class='ocrx_word' id='word_1_153' title='bbox 417 2748 513 2813; x_wconf 87' lang='lat' dir='ltr'>opere</span> <span class='ocrx_word' id='word_1_154' title='bbox 535 2725 577 2791; x_wconf 92' lang='lat' dir='ltr'>ad</span> <span class='ocrx_word' id='word_1_155' title='bbox 599 2727 693 2792; x_wconf 88' lang='lat' dir='ltr'>tinem</span> <span class='ocrx_word' id='word_1_156' title='bbox 716 2725 869 2814; x_wconf 82' lang='lat' dir='ltr'>perducto</span> <span class='ocrx_word' id='word_1_157' title='bbox 892 2749 909 2791; x_wconf 93' lang='lat' dir='ltr'>a</span> <span class='ocrx_word' id='word_1_158' title='bbox 930 2725 1081 2792; x_wconf 85' lang='lat' dir='ltr'>Sallustio</span> <span class='ocrx_word' id='word_1_159' title='bbox 1104 2726 1274 2814; x_wconf 81' lang='lat' dir='ltr'>separatim</span> <span class='ocrx_word' id='word_1_160' title='bbox 1296 2723 1493 2791; x_wconf 78' lang='lat' dir='ltr'>elucubratas</span> 
     </span>
     <span class='ocr_line' id='line_1_19' title="bbox 324 2831 1493 2921; baseline -0.003 -21"><span class='ocrx_word' id='word_1_161' title='bbox 324 2855 403 2900; x_wconf 82' lang='lat' dir='ltr'>osse.</span> <span class='ocrx_word' id='word_1_162' title='bbox 447 2831 490 2898; x_wconf 87' lang='lat' dir='ltr'>Et</span> <span class='ocrx_word' id='word_1_163' title='bbox 515 2831 547 2898; x_wconf 89' lang='lat' dir='ltr'>id</span> <span class='ocrx_word' id='word_1_164' title='bbox 571 2855 671 2921; x_wconf 88' lang='lat' dir='ltr'>paene</span> <span class='ocrx_word' id='word_1_165' title='bbox 695 2857 752 2920; x_wconf 92' lang='lat' dir='ltr'>pro</span> <span class='ocrx_word' id='word_1_166' title='bbox 775 2843 861 2898; x_wconf 81' lang='lat' dir='ltr'>eerte</span> <span class='ocrx_word' id='word_1_167' title='bbox 876 2831 1005 2898; x_wconf 88' lang='lat' dir='ltr'>eredere</span> <span class='ocrx_word' id='word_1_168' title='bbox 1020 2855 1200 2920; x_wconf 90' lang='lat' dir='ltr'>possumus,</span> <span class='ocrx_word' id='word_1_169' title='bbox 1222 2834 1248 2898; x_wconf 93' lang='lat' dir='ltr'>si</span> <span class='ocrx_word' id='word_1_170' title='bbox 1266 2834 1297 2898; x_wconf 89' lang='lat' dir='ltr'>in</span> <span class='ocrx_word' id='word_1_171' title='bbox 1313 2831 1493 2897; x_wconf 82' lang='lat' dir='ltr'>memoriam</span> 
     </span>
     <span class='ocr_line' id='line_1_20' title="bbox 325 2937 1493 3027; baseline -0.002 -21"><span class='ocrx_word' id='word_1_172' title='bbox 325 2961 523 3014; x_wconf 83' lang='lat' dir='ltr'>revocamus,</span> <span class='ocrx_word' id='word_1_173' title='bbox 549 2961 588 3005; x_wconf 90' lang='lat' dir='ltr'>ea</span> <span class='ocrx_word' id='word_1_174' title='bbox 609 2961 748 3026; x_wconf 89' lang='lat' dir='ltr'>quoque,</span> <span class='ocrx_word' id='word_1_175' title='bbox 775 2961 855 3026; x_wconf 85' lang='lat' dir='ltr'>quae</span> <span class='ocrx_word' id='word_1_176' title='bbox 878 2938 918 3005; x_wconf 88' lang='lat' dir='ltr'>de</span> <span class='ocrx_word' id='word_1_177' title='bbox 942 2940 1045 3027; x_wconf 86' lang='lat' dir='ltr'>prime</span> <span class='ocrx_word' id='word_1_178' title='bbox 1068 2940 1282 3005; x_wconf 88' lang='lat' dir='ltr'>eouimatiouo</span> <span class='ocrx_word' id='word_1_179' title='bbox 1305 2937 1493 3004; x_wconf 79' lang='lat' dir='ltr'>antecedunt</span> 
     </span>
     <span class='ocr_line' id='line_1_21' title="bbox 325 3045 1497 3134; baseline -0.001 -22"><span class='ocrx_word' id='word_1_180' title='bbox 325 3046 467 3127; x_wconf 82' lang='lat' dir='ltr'>orationi,</span> <span class='ocrx_word' id='word_1_181' title='bbox 489 3047 676 3134; x_wconf 83' lang='lat' dir='ltr'>interposita</span> <span class='ocrx_word' id='word_1_182' title='bbox 698 3045 789 3113; x_wconf 89' lang='lat' dir='ltr'>nobis</span> <span class='ocrx_word' id='word_1_183' title='bbox 812 3047 881 3112; x_wconf 85' lang='lat' dir='ltr'>uisa</span> <span class='ocrx_word' id='word_1_184' title='bbox 903 3068 982 3112; x_wconf 89' lang='lat' dir='ltr'>esse.</span> <span class='ocrx_word' id='word_1_185' title='bbox 1030 3045 1102 3112; x_wconf 87' lang='lat' dir='ltr'>Una</span> <span class='ocrx_word' id='word_1_186' title='bbox 1124 3068 1196 3112; x_wconf 91' lang='lat' dir='ltr'>eum</span> <span class='ocrx_word' id='word_1_187' title='bbox 1221 3048 1397 3112; x_wconf 79' lang='lat' dir='ltr'>sanatione</span> <span class='ocrx_word' id='word_1_188' title='bbox 1413 3045 1497 3112; x_wconf 91' lang='lat' dir='ltr'>illius</span> 
     </span>
     <span class='ocr_line' id='line_1_22' title="bbox 325 3152 1497 3234; baseline -0.003 -16"><span class='ocrx_word' id='word_1_189' title='bbox 325 3153 548 3219; x_wconf 81' lang='lat' dir='ltr'>coniurationis</span> <span class='ocrx_word' id='word_1_190' title='bbox 578 3156 750 3219; x_wconf 90' lang='lat' dir='ltr'>oratiouem</span> <span class='ocrx_word' id='word_1_191' title='bbox 779 3175 867 3219; x_wconf 87' lang='lat' dir='ltr'>sunm</span> <span class='ocrx_word' id='word_1_192' title='bbox 896 3152 1031 3219; x_wconf 80' lang='lat' dir='ltr'>fortasse</span> <span class='ocrx_word' id='word_1_193' title='bbox 1060 3154 1206 3234; x_wconf 73' lang='lat' dir='ltr'>insonuit,</span> <span class='ocrx_word' id='word_1_194' title='bbox 1235 3165 1268 3218; x_wconf 84' lang='lat' dir='ltr'>et</span> <span class='ocrx_word' id='word_1_195' title='bbox 1294 3175 1364 3218; x_wconf 90' lang='lat' dir='ltr'>emu</span> <span class='ocrx_word' id='word_1_196' title='bbox 1395 3154 1497 3218; x_wconf 85' lang='lat' dir='ltr'>oratio</span> 
     </span>
     <span class='ocr_line' id='line_1_23' title="bbox 325 3258 1496 3348; baseline 0.001 -24"><span class='ocrx_word' id='word_1_197' title='bbox 325 3259 432 3326; x_wconf 86' lang='lat' dir='ltr'>baberi</span> <span class='ocrx_word' id='word_1_198' title='bbox 462 3283 525 3326; x_wconf 88' lang='lat' dir='ltr'>noa</span> <span class='ocrx_word' id='word_1_199' title='bbox 557 3261 659 3348; x_wconf 87' lang='lat' dir='ltr'>possit</span> <span class='ocrx_word' id='word_1_200' title='bbox 688 3262 756 3325; x_wconf 88' lang='lat' dir='ltr'>sine</span> <span class='ocrx_word' id='word_1_201' title='bbox 786 3269 943 3326; x_wconf 85' lang='lat' dir='ltr'>coaventu</span> <span class='ocrx_word' id='word_1_202' title='bbox 970 3258 1107 3347; x_wconf 84' lang='lat' dir='ltr'>quodum</span> <span class='ocrx_word' id='word_1_203' title='bbox 1131 3259 1292 3326; x_wconf 89' lang='lat' dir='ltr'>hominum</span> <span class='ocrx_word' id='word_1_204' title='bbox 1314 3259 1496 3326; x_wconf 91' lang='lat' dir='ltr'>eoueioaem</span> 
     </span>
     <span class='ocr_line' id='line_1_24' title="bbox 327 3365 1498 3453; baseline 0.001 -22"><span class='ocrx_word' id='word_1_205' title='bbox 327 3389 443 3447; x_wconf 82' lang='lat' dir='ltr'>eorum,</span> <span class='ocrx_word' id='word_1_206' title='bbox 464 3388 544 3453; x_wconf 90' lang='lat' dir='ltr'>quos</span> <span class='ocrx_word' id='word_1_207' title='bbox 560 3366 762 3434; x_wconf 86' lang='lat' dir='ltr'>Catilinuriuo</span> <span class='ocrx_word' id='word_1_208' title='bbox 785 3367 990 3432; x_wconf 75' lang='lat' dir='ltr'>coniurationi</span> <span class='ocrx_word' id='word_1_209' title='bbox 1015 3367 1195 3433; x_wconf 81' lang='lat' dir='ltr'>interfuisse</span> <span class='ocrx_word' id='word_1_210' title='bbox 1212 3365 1385 3446; x_wconf 80' lang='lat' dir='ltr'>constabat,</span> <span class='ocrx_word' id='word_1_211' title='bbox 1408 3366 1498 3432; x_wconf 81' lang='lat' dir='ltr'>eilin-</span> 
     </span>
     <span class='ocr_line' id='line_1_25' title="bbox 325 3471 1496 3562; baseline -0.002 -22"><span class='ocrx_word' id='word_1_212' title='bbox 325 3495 400 3558; x_wconf 80' lang='lat' dir='ltr'>gere</span> <span class='ocrx_word' id='word_1_213' title='bbox 423 3496 485 3540; x_wconf 90' lang='lat' dir='ltr'>uon</span> <span class='ocrx_word' id='word_1_214' title='bbox 509 3471 681 3540; x_wconf 80' lang='lat' dir='ltr'>dubitabat.</span> <span class='ocrx_word' id='word_1_215' title='bbox 727 3473 780 3540; x_wconf 79' lang='lat' dir='ltr'>Sic</span> <span class='ocrx_word' id='word_1_216' title='bbox 803 3474 1004 3561; x_wconf 82' lang='lat' dir='ltr'>intellegit-ur,</span> <span class='ocrx_word' id='word_1_217' title='bbox 1026 3495 1083 3539; x_wconf 81' lang='lat' dir='ltr'>ern</span> <span class='ocrx_word' id='word_1_218' title='bbox 1098 3475 1235 3562; x_wconf 85' lang='lat' dir='ltr'>priorem</span> <span class='ocrx_word' id='word_1_219' title='bbox 1250 3473 1496 3539; x_wconf 82' lang='lat' dir='ltr'>oonimntionem</span> 
     </span>
     <span class='ocr_line' id='line_1_26' title="bbox 327 3579 1496 3668; baseline 0.002 -24"><span class='ocrx_word' id='word_1_220' title='bbox 327 3603 389 3646; x_wconf 90' lang='lat' dir='ltr'>non</span> <span class='ocrx_word' id='word_1_221' title='bbox 412 3589 485 3646; x_wconf 74' lang='lat' dir='ltr'>mito</span> <span class='ocrx_word' id='word_1_222' title='bbox 508 3579 636 3646; x_wconf 87' lang='lat' dir='ltr'>alteram</span> <span class='ocrx_word' id='word_1_223' title='bbox 660 3581 845 3646; x_wconf 67' lang='lat' dir='ltr'>narmi-erit:</span> <span class='ocrx_word' id='word_1_224' title='bbox 869 3602 949 3667; x_wconf 90' lang='lat' dir='ltr'>opus</span> <span class='ocrx_word' id='word_1_225' title='bbox 973 3589 1038 3645; x_wconf 85' lang='lat' dir='ltr'>erat</span> <span class='ocrx_word' id='word_1_226' title='bbox 1063 3579 1167 3646; x_wconf 78' lang='lat' dir='ltr'>indies</span> <span class='ocrx_word' id='word_1_227' title='bbox 1181 3582 1422 3659; x_wconf 75' lang='lat' dir='ltr'>eoniumtomm,</span> <span class='ocrx_word' id='word_1_228' title='bbox 1443 3581 1496 3668; x_wconf 90' lang='lat' dir='ltr'>qui</span> 
     </span>
     <span class='ocr_line' id='line_1_27' title="bbox 328 3685 1497 3776; baseline 0.002 -26"><span class='ocrx_word' id='word_1_229' title='bbox 328 3685 500 3752; x_wconf 86' lang='lat' dir='ltr'>orationem</span> <span class='ocrx_word' id='word_1_230' title='bbox 522 3686 675 3754; x_wconf 88' lang='lat' dir='ltr'>audirent.</span> <span class='ocrx_word' id='word_1_231' title='bbox 721 3685 888 3754; x_wconf 82' lang='lat' dir='ltr'>Sallustius</span> <span class='ocrx_word' id='word_1_232' title='bbox 912 3711 973 3753; x_wconf 93' lang='lat' dir='ltr'>non</span> <span class='ocrx_word' id='word_1_233' title='bbox 997 3695 1062 3753; x_wconf 92' lang='lat' dir='ltr'>tum</span> <span class='ocrx_word' id='word_1_234' title='bbox 1084 3697 1201 3776; x_wconf 87' lang='lat' dir='ltr'>aptam,</span> <span class='ocrx_word' id='word_1_235' title='bbox 1222 3711 1315 3775; x_wconf 77' lang='lat' dir='ltr'>«pram</span> <span class='ocrx_word' id='word_1_236' title='bbox 1337 3687 1497 3776; x_wconf 76' lang='lat' dir='ltr'>pulchram</span> 
     </span>
     <span class='ocr_line' id='line_1_28' title="bbox 328 3793 1498 3883; baseline 0.002 -25"><span class='ocrx_word' id='word_1_237' title='bbox 328 3793 500 3860; x_wconf 81' lang='lat' dir='ltr'>orationem</span> <span class='ocrx_word' id='word_1_238' title='bbox 528 3793 664 3860; x_wconf 87' lang='lat' dir='ltr'>scribere</span> <span class='ocrx_word' id='word_1_239' title='bbox 692 3795 862 3883; x_wconf 81' lang='lat' dir='ltr'>spectarit,</span> <span class='ocrx_word' id='word_1_240' title='bbox 891 3805 923 3860; x_wconf 90' lang='lat' dir='ltr'>et</span> <span class='ocrx_word' id='word_1_241' title='bbox 947 3816 1015 3860; x_wconf 91' lang='lat' dir='ltr'>eam</span> <span class='ocrx_word' id='word_1_242' title='bbox 1039 3794 1082 3861; x_wconf 91' lang='lat' dir='ltr'>ob</span> <span class='ocrx_word' id='word_1_243' title='bbox 1104 3817 1230 3860; x_wconf 86' lang='lat' dir='ltr'>eausam</span> <span class='ocrx_word' id='word_1_244' title='bbox 1254 3797 1348 3860; x_wconf 87' lang='lat' dir='ltr'>etium</span> <span class='ocrx_word' id='word_1_245' title='bbox 1371 3793 1498 3861; x_wconf 83' lang='lat' dir='ltr'>aliunde</span> 
     </span>
     <span class='ocr_line' id='line_1_29' title="bbox 329 3899 1498 3989; baseline 0.002 -25"><span class='ocrx_word' id='word_1_246' title='bbox 329 3899 490 3986; x_wconf 83' lang='lat' dir='ltr'>repetivit,</span> <span class='ocrx_word' id='word_1_247' title='bbox 527 3923 608 3988; x_wconf 90' lang='lat' dir='ltr'>quae</span> <span class='ocrx_word' id='word_1_248' title='bbox 640 3901 779 3967; x_wconf 87' lang='lat' dir='ltr'>eitieaeia</span> <span class='ocrx_word' id='word_1_249' title='bbox 810 3911 841 3966; x_wconf 91' lang='lat' dir='ltr'>et</span> <span class='ocrx_word' id='word_1_250' title='bbox 874 3903 1018 3989; x_wconf 85' lang='lat' dir='ltr'>speeiosa</span> <span class='ocrx_word' id='word_1_251' title='bbox 1049 3900 1252 3982; x_wconf 84' lang='lat' dir='ltr'>rideburrtur;</span> <span class='ocrx_word' id='word_1_252' title='bbox 1289 3902 1335 3968; x_wconf 86' lang='lat' dir='ltr'>sie</span> <span class='ocrx_word' id='word_1_253' title='bbox 1363 3901 1498 3989; x_wconf 83' lang='lat' dir='ltr'>exempli</span> 
     </span>
     <span class='ocr_line' id='line_1_30' title="bbox 327 4007 1499 4094; baseline 0.004 -24"><span class='ocrx_word' id='word_1_254' title='bbox 327 4007 428 4093; x_wconf 75' lang='lat' dir='ltr'>gratia</span> <span class='ocrx_word' id='word_1_255' title='bbox 451 4008 482 4072; x_wconf 89' lang='lat' dir='ltr'>in</span> <span class='ocrx_word' id='word_1_256' title='bbox 506 4007 567 4073; x_wconf 84' lang='lat' dir='ltr'>fiae</span> <span class='ocrx_word' id='word_1_257' title='bbox 590 4009 741 4074; x_wconf 79' lang='lat' dir='ltr'>orationis</span> <span class='ocrx_word' id='word_1_258' title='bbox 757 4007 894 4074; x_wconf 79' lang='lat' dir='ltr'>Catilina</span> <span class='ocrx_word' id='word_1_259' title='bbox 916 4007 1007 4074; x_wconf 75' lang='lat' dir='ltr'>aiem</span> <span class='ocrx_word' id='word_1_260' title='bbox 1042 4009 1097 4074; x_wconf 86' lang='lat' dir='ltr'>l&#39;el</span> <span class='ocrx_word' id='word_1_261' title='bbox 1116 4009 1310 4094; x_wconf 83' lang='lat' dir='ltr'>imperatore</span> <span class='ocrx_word' id='word_1_262' title='bbox 1333 4011 1381 4074; x_wconf 88' lang='lat' dir='ltr'>rel</span> <span class='ocrx_word' id='word_1_263' title='bbox 1397 4009 1499 4075; x_wconf 77' lang='lat' dir='ltr'>utilite</span> 
     </span>
     <span class='ocr_line' id='line_1_31' title="bbox 331 4113 1499 4202; baseline 0.004 -25"><span class='ocrx_word' id='word_1_264' title='bbox 331 4134 380 4178; x_wconf 83' lang='lat' dir='ltr'>rue</span> <span class='ocrx_word' id='word_1_265' title='bbox 405 4113 552 4196; x_wconf 85' lang='lat' dir='ltr'>utimini,</span> <span class='ocrx_word' id='word_1_266' title='bbox 581 4137 684 4200; x_wconf 72' lang='lat' dir='ltr'>ireque</span> <span class='ocrx_word' id='word_1_267' title='bbox 707 4117 843 4181; x_wconf 79' lang='lat' dir='ltr'>‹ririruus</span> <span class='ocrx_word' id='word_1_268' title='bbox 865 4137 969 4201; x_wconf 86' lang='lat' dir='ltr'>ueque</span> <span class='ocrx_word' id='word_1_269' title='bbox 991 4136 1111 4202; x_wconf 81' lang='lat' dir='ltr'>eorpus</span> <span class='ocrx_word' id='word_1_270' title='bbox 1132 4137 1153 4180; x_wconf 87' lang='lat' dir='ltr'>u</span> <span class='ocrx_word' id='word_1_271' title='bbox 1172 4115 1260 4180; x_wconf 82' lang='lat' dir='ltr'>robis</span> <span class='ocrx_word' id='word_1_272' title='bbox 1281 4115 1396 4199; x_wconf 85' lang='lat' dir='ltr'>aberit,</span> <span class='ocrx_word' id='word_1_273' title='bbox 1419 4137 1499 4202; x_wconf 89' lang='lat' dir='ltr'>quae</span> 
     </span>
     <span class='ocr_line' id='line_1_32' title="bbox 331 4218 1500 4310; baseline 0.005 -26"><span class='ocrx_word' id='word_1_274' title='bbox 331 4218 426 4286; x_wconf 83' lang='lat' dir='ltr'>rerba</span> <span class='ocrx_word' id='word_1_275' title='bbox 448 4218 723 4288; x_wconf 85' lang='lat' dir='ltr'>uelremeutissime</span> <span class='ocrx_word' id='word_1_276' title='bbox 745 4232 920 4310; x_wconf 81' lang='lat' dir='ltr'>repugnant</span> <span class='ocrx_word' id='word_1_277' title='bbox 942 4243 1013 4287; x_wconf 88' lang='lat' dir='ltr'>euru</span> <span class='ocrx_word' id='word_1_278' title='bbox 1037 4223 1093 4302; x_wconf 87' lang='lat' dir='ltr'>eis,</span> <span class='ocrx_word' id='word_1_279' title='bbox 1114 4243 1196 4310; x_wconf 86' lang='lat' dir='ltr'>quae</span> <span class='ocrx_word' id='word_1_280' title='bbox 1214 4231 1399 4310; x_wconf 81' lang='lat' dir='ltr'>seqrmatur:</span> <span class='ocrx_word' id='word_1_281' title='bbox 1423 4223 1500 4290; x_wconf 81' lang='lat' dir='ltr'>lutee</span> 
     </span>
     <span class='ocr_line' id='line_1_33' title="bbox 331 4325 1499 4419; baseline 0.008 -32"><span class='ocrx_word' id='word_1_282' title='bbox 331 4325 414 4413; x_wconf 78' lang='lat' dir='ltr'>qua,</span> <span class='ocrx_word' id='word_1_283' title='bbox 439 4331 475 4393; x_wconf 89' lang='lat' dir='ltr'>ut</span> <span class='ocrx_word' id='word_1_284' title='bbox 497 4349 600 4414; x_wconf 82' lang='lat' dir='ltr'>apere,</span> <span class='ocrx_word' id='word_1_285' title='bbox 624 4329 789 4396; x_wconf 68' lang='lat' dir='ltr'>vobiscum</span> <span class='ocrx_word' id='word_1_286' title='bbox 816 4351 883 4394; x_wconf 84' lang='lat' dir='ltr'>urm</span> <span class='ocrx_word' id='word_1_287' title='bbox 907 4329 1023 4396; x_wconf 71' lang='lat' dir='ltr'>ronna</span> <span class='ocrx_word' id='word_1_288' title='bbox 1044 4351 1152 4415; x_wconf 78' lang='lat' dir='ltr'>upnm,</span> <span class='ocrx_word' id='word_1_289' title='bbox 1175 4339 1394 4419; x_wconf 81' lang='lat' dir='ltr'>praeterquam</span> <span class='ocrx_word' id='word_1_290' title='bbox 1412 4327 1499 4418; x_wconf 83' lang='lat' dir='ltr'>qued</span> 
     </span>
     <span class='ocr_line' id='line_1_34' title="bbox 331 4431 1501 4525; baseline 0.006 -29"><span class='ocrx_word' id='word_1_291' title='bbox 331 4431 466 4498; x_wconf 79' lang='lat' dir='ltr'>l&#39;utiliua</span> <span class='ocrx_word' id='word_1_292' title='bbox 496 4433 580 4522; x_wconf 83' lang='lat' dir='ltr'>apud</span> <span class='ocrx_word' id='word_1_293' title='bbox 608 4433 790 4502; x_wconf 88' lang='lat' dir='ltr'>Sallustium</span> <span class='ocrx_word' id='word_1_294' title='bbox 823 4435 890 4502; x_wconf 80' lang='lat' dir='ltr'>sola</span> <span class='ocrx_word' id='word_1_295' title='bbox 920 4433 1071 4524; x_wconf 80' lang='lat' dir='ltr'>regnandi</span> <span class='ocrx_word' id='word_1_296' title='bbox 1099 4435 1272 4525; x_wconf 84' lang='lat' dir='ltr'>eupiditate</span> <span class='ocrx_word' id='word_1_297' title='bbox 1301 4439 1333 4507; x_wconf 88' lang='lat' dir='ltr'>in</span> <span class='ocrx_word' id='word_1_298' title='bbox 1356 4438 1501 4504; x_wconf 81' lang='lat' dir='ltr'>eouiura·</span> 
     </span>
     <span class='ocr_line' id='line_1_35' title="bbox 331 4538 1500 4632; baseline 0.004 -28"><span class='ocrx_word' id='word_1_299' title='bbox 331 4540 446 4605; x_wconf 88' lang='lat' dir='ltr'>tiouem</span> <span class='ocrx_word' id='word_1_300' title='bbox 480 4538 629 4630; x_wconf 85' lang='lat' dir='ltr'>abreptus</span> <span class='ocrx_word' id='word_1_301' title='bbox 662 4540 795 4608; x_wconf 84' lang='lat' dir='ltr'>ridetur.</span> <span class='ocrx_word' id='word_1_302' title='bbox 841 4541 915 4608; x_wconf 86' lang='lat' dir='ltr'>IIoe</span> <span class='ocrx_word' id='word_1_303' title='bbox 944 4541 1015 4608; x_wconf 88' lang='lat' dir='ltr'>loeo</span> <span class='ocrx_word' id='word_1_304' title='bbox 1038 4545 1175 4632; x_wconf 81' lang='lat' dir='ltr'>scriptor</span> <span class='ocrx_word' id='word_1_305' title='bbox 1195 4542 1312 4610; x_wconf 88' lang='lat' dir='ltr'>oblitus</span> <span class='ocrx_word' id='word_1_306' title='bbox 1335 4567 1386 4623; x_wconf 89' lang='lat' dir='ltr'>ea,</span> <span class='ocrx_word' id='word_1_307' title='bbox 1419 4566 1500 4631; x_wconf 78' lang='lat' dir='ltr'>qurm</span> 
     </span>
    </p>
   </div>
   <div class='ocr_carea' id='block_1_4' title="bbox 0 0 1673 5120">
    <p class='ocr_par' dir='ltr' id='par_1_4' title="bbox 0 0 1673 5120">
     <span class='ocr_line' id='line_1_36' title="bbox 0 0 1673 5120; baseline 0 0"><span class='ocrx_word' id='word_1_308' title='bbox 0 0 1673 5120; x_wconf 95' lang='lat' dir='ltr'> </span> 
     </span>
    </p>
   </div>
  </div>
 </body>
</html>
