3308 5120
724 650 745 712 5

156 842 269 907 nedum
285 843 532 908 eoniumtionem
548 841 711 906 moliretur.
750 841 787 906 F.
806 841 895 906 Bam
909 841 1095 907 Sallustium
1112 843 1191 908 trieri
1210 842 1329 924 stmlet,

155 973 225 1015 cum
247 948 338 1030 dicit,
361 952 480 1038 optimo
503 949 569 1015 iure
592 949 701 1014 similia
723 947 837 1014 eodem
861 946 932 1013 loco
954 947 1087 1028 nauum,
1115 971 1197 1035 quae
1219 951 1329 1038 opinio

154 1065 265 1136 struet,
288 1057 314 1120 si
338 1079 377 1122 ex
400 1055 547 1121 omnibus
570 1055 658 1121 rebus
681 1055 817 1121 uarmtis
841 1077 905 1120 mm
928 1077 987 1120 suo
1010 1054 1081 1119 loeo
1104 1055 1208 1142 posita
1231 1065 1327 1138 esset,
1392 1041 1395 1046 ¹

154 1162 210 1228 sed
234 1186 305 1228 cum
329 1163 444 1249 ubique
467 1173 577 1228 niretor
600 1164 629 1226 iu
650 1162 848 1250 temporibus
864 1159 959 1227 valde
975 1162 1137 1242 erraverit,
1153 1161 1239 1227 illum
1258 1162 1328 1228 falli

154 1270 302 1358 opinione
325 1291 383 1335 sua
404 1269 511 1356 tiques
556 1267 655 1332 Immo
668 1267 841 1334 Sallustius
866 1268 935 1354 ipse
955 1267 1083 1334 ridetur
1097 1270 1244 1349 sensisse,
1266 1268 1328 1335 sibi

155 1401 264 1464 parrrm
280 1376 428 1442 materiae
443 1384 610 1463 suppetere
616 1400 626 1456 ;
645 1376 751 1462 itaque
775 1375 854 1440 satis
870 1375 1000 1462 copiose
1016 1374 1157 1462 exponit,
1174 1397 1328 1462 quaenam

155 1483 194 1548 ud
223 1481 456 1570 propagandam
479 1481 721 1548 coniurationem
745 1484 932 1569 susceperit.
985 1481 1030 1546 Et
1059 1482 1138 1546 satis
1166 1481 1244 1548 scite
1274 1504 1325 1547 res

154 1613 172 1654 a
196 1588 307 1674 Sergio
330 1589 540 1654 occultissime
562 1599 663 1676 gestss
686 1589 748 1654 sibi
773 1589 970 1676 corrrposuit;
994 1587 1088 1653 tidem
1104 1597 1208 1654 tumen
1224 1595 1328 1654 trans·

153 1695 268 1777 cendit,
283 1695 367 1782 (prod
384 1696 503 1777 scribit,
516 1696 548 1760 si
562 1717 657 1760 curem
669 1696 833 1783 peccandi
849 1695 965 1760 mirms
975 1695 1181 1782 suppetisset,
1198 1696 1320 1762 nibilo-

155 1804 268 1868 uu'nus
289 1804 434 1869 insontes
453 1804 554 1868 sicuti
567 1811 668 1868 senus
690 1803 934 1868 circimventos
950 1825 1026 1885 esse,
1052 1794 1323 1888 intumescerent

156 1933 276 1974 rutenus
308 1911 548 1976 conimntourm.
603 1909 680 1976 Nun
713 1932 778 1996 quo
811 1919 907 1997 pacto
939 1909 1035 1974 bomo
1068 1908 1267 1996 ingeniosus,
1293 1917 1328 1975 ut

154 2016 322 2082 Sallustius
345 2039 418 2083 cum
440 2016 600 2098 describit,
621 2029 680 2082 tam
703 2027 824 2083 tenrere
846 2016 987 2082 ornnium
1004 2013 1115 2081 oculos
1141 2015 1172 2080 in
1197 2039 1232 2082 se
1254 2038 1330 2082 con·

156 2125 313 2204 vertisset,
335 2146 405 2188 cum
421 2147 514 2210 quam
531 2127 660 2190 maxine
684 2124 715 2188 in
737 2123 850 2189 umbra
865 2123 985 2188 versari
1001 2121 1191 2210 pmdeutius
1207 2121 1330 2190 luisset.

155 2229 259 2296 Multo
288 2231 470 2298 credibilius
500 2232 627 2311 Cicero,
648 2229 734 2318 apud
765 2253 860 2317 quem
892 2230 1023 2296 minoris
1052 2230 1170 2317 ingenii
1198 2228 1328 2318 Sergius

154 2347 212 2418 est,
235 2339 267 2403 iu
289 2341 382 2404 tertia
397 2339 537 2404 emtione
557 2339 691 2424 exprnit,
706 2360 801 2424 quam
817 2336 955 2424 provide
970 2347 1124 2424 certusque
1148 2336 1200 2404 ille
1214 2339 1323 2424 egerit

156 2445 304 2511 Ceterum
338 2469 377 2511 uc
405 2446 472 2511 reri
499 2443 625 2532 quidem
654 2444 758 2510 simile
786 2453 850 2525 est,
879 2453 999 2510 tantam
1027 2451 1189 2510 esur-vam
1218 2444 1264 2510 illi
1293 2467 1327 2511 se

156 2551 365 2639 applicavisse
389 2553 536 2639 ignaram,
559 2551 632 2639 quid
646 2561 819 2640 spectarem
842 2552 948 2618 solum
971 2553 1074 2618 seclus
1097 2560 1147 2618 tot
1170 2553 1328 2640 inquietos

156 2659 277 2724 unimus
300 2658 359 2724 sub
383 2682 446 2724 uuo
470 2658 549 2724 duee
573 2661 626 2723 vix
645 2658 766 2724 urrrrrliu
790 2663 1013 2726 continuisset.

263 2765 428 2831 Hactenus
451 2765 618 2832 Sallustius
638 2767 787 2833 tractavit
810 2791 857 2847 en,
880 2789 961 2853 quae
984 2775 1058 2831 ante
1081 2765 1328 2832 eouiumtionern

158 2874 216 2937 rite
240 2872 347 2937 initam
369 2872 455 2938 facta
474 2895 544 2939 esse
559 2876 716 2960 opinatum
740 2883 851 2960 parata
867 2881 943 2938 sunt
965 2875 1072 2938 onurin
1093 2871 1133 2939 ad
1150 2875 1331 2962 conspiran-

157 2978 248 3060 dum3
285 3001 395 3044 irruuus
428 2977 468 3044 nd
500 2981 690 3066 atrocissima
735 3003 881 3067 qumque
916 2987 948 3045 et
981 2989 1128 3068 prompta
1159 2989 1192 3046 et
1223 2990 1330 3048 coacte

157 3095 283 3172 praesto
299 3096 363 3166 cst;
386 3089 510 3152 miseria
533 3095 565 3153 et
581 3087 739 3152 insatietas
755 3086 860 3174 plebis
880 3086 1005 3152 iulrrnae
1029 3087 1061 3152 in
1084 3086 1153 3154 dies
1168 3097 1328 3169 creseunt;

158 3193 295 3258 omnium
320 3193 525 3259 turbidissimi
549 3203 621 3259 sumt
635 3195 776 3259 veterani
801 3192 919 3274 Sullae,
941 3216 1043 3282 genas
1066 3217 1163 3282 mpax
1186 3204 1221 3261 ct
1242 3195 1330 3262 belli·

158 3321 282 3381 cosum,
309 3300 449 3365 cuiusvis
480 3303 568 3387 sigon
596 3301 680 3386 sequi
710 3301 962 3388 permissimum3
992 3309 1121 3367 senatus
1150 3301 1215 3368 otio
1238 3301 1329 3368 inerti

159 3404 316 3492 imlrdget;
339 3407 519 3494 Pompeius
541 3409 594 3494 qui
618 3430 695 3472 nnus
712 3407 940 3495 rempublicam
957 3409 1115 3474 sustinere
1131 3430 1226 3496 posse
1242 3406 1330 3475 vide·

158 3511 259 3592 batur,
282 3512 389 3600 prrucul
413 3515 445 3578 in
470 3514 546 3579 usia
570 3521 723 3594 uersatum
751 3512 890 3600 denique
920 3516 1026 3580 onmia
1052 3515 1131 3580 mire
1154 3523 1329 3603 opportune

159 3628 241 3684 suut.
278 3618 342 3684 Sed
366 3619 512 3702 Catilina,
534 3644 626 3708 quem
645 3619 890 3687 audacissimum
916 3622 1017 3687 luisse
1040 3621 1209 3688 Sallustius
1237 3619 1330 3687 modo

159 3724 306 3806 irrinavit,
329 3728 361 3791 in
381 3737 468 3792 tenua
490 3729 694 3816 prosperitate
712 3766 753 3776 —
774 3727 974 3794 corisulatum
998 3728 1088 3816 peut
1134 3727 1248 3816 Neque
1269 3728 1330 3794 boe

160 3833 229 3898 loco
257 3831 297 3898 de
327 3834 522 3915 muneribus,
550 3833 659 3922 quilns
686 3845 782 3901 untes
812 3834 942 3900 iunctus
969 3844 1054 3916 emt,
1080 3857 1183 3923 neque
1212 3833 1253 3901 de
1276 3834 1331 3901 sd·

159 3939 388 4005 ministratione
407 3941 536 4007 Africae
560 3941 747 4028 provinciae,
774 3941 859 4007 trude
883 3939 1128 4029 repetundarum
1151 3963 1246 4008 euusn
1269 3941 1331 4009 Cn·

160 4045 266 4112 tiliuae
290 4047 436 4129 instabat,
459 4048 590 4136 pericula
612 4047 779 4114 Sallustius
802 4047 891 4115 dicit.
936 4048 1024 4114 Bnur
1050 4071 1104 4114 eas
1127 4071 1177 4114 res
1201 4048 1330 4115 minoris

160 4153 308 4218 momenti
333 4176 402 4218 esse
425 4153 574 4236 affinrrnt,
601 4178 689 4242 qnam
719 4178 801 4242 qrrae
831 4154 1015 4242 singillatim
1039 4162 1331 4236 commemorentur,

159 4257 215 4324 scd
240 4259 327 4323 irrita
349 4267 399 4324 est
421 4257 580 4341 defensio,
606 4285 673 4327 earn
698 4259 829 4328 eaedem
855 4285 905 4328 res
927 4261 1031 4350 carpite
1057 4265 1101 4328 18·
1121 4261 1330 4328 inveniantur.

163 4365 285 4430 aevom
307 4361 475 4431 Sallustius
505 4389 568 4433 non
597 4368 683 4434 iuvit·
712 4391 818 4434 renim
847 4369 1129 4449 continuationem,
1160 4367 1263 4455 qualis
1290 4391 1330 4435 ex

159 4470 228 4534 aliis
252 4469 393 4537 lontibus
416 4481 552 4539 coristut:
584 4474 716 4541 Catilina
741 4474 847 4542 merliu
871 4475 937 4542 scre
959 4498 1043 4542 nano
1066 4475 1192 4564 ussus
1216 4497 1235 4541 e
1258 4497 1330 4564 pro-
