3308 5120
342 774 556 863 proclamavit,
576 775 642 839 suis
662 774 761 862 ipsius
777 774 917 843 consiliis
933 773 1100 840 Catilinam
1116 795 1214 860 usqne
1234 771 1275 837 ud
1295 795 1323 837 a.
1338 771 1368 837 d.
1385 771 1418 838 V
1434 770 1508 837 Kal.

339 879 537 946 Novembres
560 902 774 968 compressum
798 903 882 959 esse,
912 878 997 967 qnod
1021 879 1192 945 insolenter
1213 878 1332 944 ‹lietum
1355 888 1453 960 esset,
1479 877 1505 942 si

339 995 466 1053 senatus
489 986 685 1068 alletoritate,
706 1009 769 1053 aon
793 986 931 1052 consulis
953 987 1086 1074 imperio
1108 985 1166 1052 hae
1189 984 1351 1052 custodiae
1373 985 1403 1050 in
1432 983 1507 1050 urbe
1615 1047 1618 1056 ,

340 1091 524 1181 dispertitae
552 1093 696 1159 fuissent.
741 1092 863 1159 Eadem
891 1091 931 1159 de
958 1115 1053 1174 ιιιιιιιιΙ
1081 1089 1285 1180 improbanda
1312 1099 1361 1158 est
1388 1092 1507 1180 opinio,

338 1222 401 1286 qua
425 1199 536 1286 Hagen
560 1199 742 1267 Sallustium
766 1200 847 1266 tueri
870 1197 986 1279 studet,
1015 1198 1242 1286 pamgmphum
1272 1199 1395 1264 tertiam
1417 1197 1502 1285 oepi-

342 1305 384 1371 tia
408 1309 465 1388 29,
493 1329 556 1393 qna
579 1307 629 1372 vis
652 1305 684 1372 S.
700 1305 736 1372 C.
759 1305 861 1371 ultimi
889 1305 1070 1393 exponitur,
1099 1329 1161 1370 uon
1184 1329 1202 1370 a
1225 1304 1388 1385 Sallustio,
1410 1303 1467 1371 sed
1489 1325 1508 1368 a

340 1422 452 1478 senatu
482 1411 622 1478 additam
653 1435 733 1478 esse.
778 1411 843 1479 Sed
868 1415 894 1477 si
918 1423 1046 1478 seruans
1070 1414 1116 1476 eis
1140 1412 1244 1478 verbis
1267 1411 1428 1478 consulum
1452 1433 1509 1498 po-
1629 1463 1631 1468 .

340 1528 486 1585 testatem
502 1520 801 1607 circumscripserat,
816 1519 922 1585 faeere
932 1542 993 1583 ιιιιιι
1005 1519 1117 1606 potuit,
1132 1519 1207 1606 quin
1218 1519 1324 1584 statim
1332 1518 1508 1584 eorrstdtum

339 1635 431 1690 suunt
453 1625 575 1691 irritum
598 1624 752 1692 redderet.
798 1627 914 1692 Denuo
938 1625 1133 1712 neglegentia
1149 1627 1181 1692 in
1197 1627 1390 1714 temporibus
1405 1624 1507 1691 Sallu·

251 1741 256 1748 '
340 1733 436 1798 stium
458 1733 490 1798 in
514 1755 635 1798 enores
659 1731 791 1799 induerit
815 1771 857 1782 -

449 1843 500 1906 31.
546 1839 660 1928 Capito
699 1839 877 1927 insequenti
910 1841 1046 1927 scriptor
1082 1839 1314 1926 elegantissimo
1349 1840 1422 1905 stilo
1455 1837 1510 1904 de·

341 1947 452 2033 pingit,
474 1955 591 2035 quanta
614 1947 644 2012 in
671 1945 746 2012 urbe
770 1945 949 2012 sollicitudo
972 1945 1077 2012 luerit.
1121 1946 1286 2013 Praeclara
1301 1955 1351 2012 est
1365 1947 1511 2026 uenatio,

273 2039 279 2048 ⁴
341 2052 397 2118 sed
426 2052 517 2120 nobis
543 2053 756 2140 (quaerendum
785 2063 848 2134 est,
877 2052 954 2141 qmd
981 2054 1059 2120 haee
1083 2063 1170 2119 tanta
1191 2053 1320 2118 tristitie
1342 2053 1427 2118 urbis
1450 2052 1509 2118 sibi

341 2159 498 2226 voluerit?
559 2159 659 2243 Num,
691 2161 717 2226 ei
750 2159 933 2227 Sallustium
967 2171 1126 2226 erratorem
1160 2160 1334 2247 sequimur,
1366 2158 1511 2225 eondioio

342 2265 428 2332 tarbis
459 2269 549 2355 peior
579 2268 662 2334 saeta
694 2273 782 2333 erat?
831 2267 945 2332 Nonne
977 2270 1080 2347 cives,
1110 2290 1189 2354 qum
1223 2265 1294 2332 iude
1325 2291 1345 2333 a
1375 2265 1510 2331 comitiis

341 2375 414 2438 anni
439 2375 482 2440 64
505 2374 750 2440 maiar-ationem
775 2377 951 2462 suspicatos
970 2397 1040 2441 esse
1056 2373 1223 2441 Sallustius
1246 2374 1378 2456 censuit,
1399 2372 1510 2439 arelius

342 2479 622 2569 triumphavissent
643 2479 773 2568 garadio,
802 2480 886 2568 quml
911 2481 1037 2547 taudem
1061 2480 1229 2568 ediquando
1251 2490 1378 2547 senatus
1401 2503 1511 2546 severe

340 2588 541 2675 gravitenque
571 2589 602 2654 iu
634 2588 815 2654 eoniamtos
843 2587 1020 2654 eormuluit?
1065 2588 1178 2654 Nerine
1208 2588 1334 2669 Cicero,
1361 2588 1388 2654 si
1415 2587 1508 2653 animi

341 2695 457 2761 eivirun
482 2697 527 2760 ita
549 2697 697 2760 commoti
722 2695 867 2778 luissent,
890 2696 983 2761 laeile
1006 2696 1067 2760 iam
1091 2705 1156 2761 trun
1181 2694 1349 2761 Catilinam
1371 2718 1410 2761 en·
1434 2695 1510 2761 urbe

341 2800 537 2888 pepulisset?
579 2800 648 2868 Iam
688 2813 830 2890 putares,
868 2802 1051 2869 Sallustium
1089 2803 1307 2868 eortinaeutieia
1340 2801 1511 2883 rettulisse,

341 2907 403 2974 nisi
435 2931 473 2972 ex
506 2907 638 2974 aliorum
671 2909 860 2975 testimoniis
898 2919 1071 2989 constaret,
1109 2911 1179 2975 illos
1212 2908 1281 2975 dies
1316 2909 1511 2976 tristissimos

342 3012 461 3097 luisse3
483 3037 577 3102 altrum
601 3015 736 3082 fortasse
760 3015 919 3082 tristitiam
943 3015 1111 3082 Sallustius
1134 3018 1290 3096 rraeminit,
1312 3037 1412 3104 neque
1436 3037 1511 3081 vero

342 3121 475 3203 solebat,
503 3145 566 3210 qna
597 3121 638 3188 de
670 3145 764 3188 eausa
796 3133 905 3188 exorta
936 3133 1030 3188 esset.
1094 3123 1205 3190 Cicero
1233 3124 1315 3189 euim
1344 3146 1371 3188 a.
1390 3121 1421 3189 d
1440 3121 1512 3188 xll

342 3227 417 3294 Kal.
450 3228 650 3294 Novembres
687 3227 900 3317 praedixerat,
937 3253 964 3295 a
987 3228 1017 3296 d.
1040 3229 1093 3298 VI
1131 3229 1274 3296 hostilis
1312 3229 1512 3310 seditionem,

343 3333 463 3401 Βοηιιιι
485 3334 614 3402 eaedem
637 3336 773 3402 staturam
797 3358 881 3417 esse3
914 3337 1003 3402 nndti
1033 3337 1155 3402 nobiles
1184 3347 1350 3424 propterea
1372 3359 1411 3402 ex
1435 3336 1512 3402 urbe

342 3441 543 3528 armagemnt,
565 3442 662 3508 ceteri
686 3443 817 3530 inquieti
840 3443 1051 3509 renmnelrnut
1097 3441 1269 3510 Custodiae
1293 3443 1324 3508 in
1347 3443 1424 3510 urbe
1446 3441 1511 3510 dis·
1576 3459 1579 3464 ’

343 3549 465 3636 positae
488 3559 586 3630 erunt,
608 3546 666 3614 sed
682 3548 813 3616 Cassius
829 3551 893 3638 Dio
916 3553 981 3634 (37,
997 3554 1049 3631 31,
1066 3555 1096 3630 3)
1119 3548 1221 3631 doeet,
1244 3573 1298 3616 ens
1321 3549 1512 3617 aCieerone

270 3699 274 3708 -
343 3677 382 3720 ex
407 3664 564 3742 potestate
586 3653 768 3738 dictatoria,
791 3680 853 3722 non
876 3679 896 3722 a
919 3667 1029 3723 sonmo
1053 3659 1212 3724 institutas
1235 3680 1316 3740 esse,
1338 3679 1377 3723 ne
1399 3656 1513 3724 caedes
1624 3732 1629 3742 ¹

343 3759 398 3826 illa
420 3762 618 3848 optimatium
643 3763 738 3829 lieret.
784 3762 904 3829 Fndem
930 3763 1074 3829 vitlena-us
1097 3763 1180 3852 apud
1197 3764 1378 3852 Appianum
1400 3763 1457 3847 (Π,
1473 3769 1514 3849 3),

349 3867 405 3954 qui
428 3867 613 3956 plennuqne
629 3867 812 3936 Sallustium
829 3881 987 3958 separatur.
1010 3869 1075 3936 Dio
1090 3869 1194 3954 adicit,
1209 3870 1372 3939 Ciceronis
1387 3893 1514 3958 operam

343 3983 377 4038 et
398 3973 537 4041 laborem
561 3997 623 4045 uon
647 3975 764 4042 frustra
787 3977 928 4066 impenso
952 4000 1033 4059 esse,
1054 3979 1157 4043 (ironia
1181 3979 1212 4043 in
1237 3977 1313 4044 ardre
1329 3988 1392 4044 tarn
1408 3977 1513 4066 quieta

343 4079 458 4162 fuisse,
480 4090 514 4146 ut
538 4081 664 4170 plurimi
688 4083 933 4171 sarapioarentnr,
956 4083 1140 4150 Cioemaom
1163 4083 1237 4150 odio
1260 4083 1428 4164 Catilinae,
1451 4107 1512 4150 non

343 4207 449 4252 aratore
472 4187 588 4254 eivium
605 4188 774 4256 Catilinam
798 4190 1045 4273 insimulavisso;
1067 4189 1124 4256 sed
1147 4191 1274 4258 nturtios
1296 4190 1337 4258 de
1360 4190 1514 4260 seditione

344 4291 487 4360 Faesulis
510 4294 622 4360 tillonis
645 4297 674 4361 ei
698 4294 803 4361 ‹lonuo
834 4297 926 4362 tidem
955 4297 1080 4364 lesisse.
1123 4297 1198 4376 Quo
1221 4298 1339 4365 laetania
1367 4321 1452 4379 esse,
1479 4309 1513 4366 nt

345 4397 727 4469 LPaulusCatilinamde
736 4404 766 4468 vi
776 4404 947 4493 posttalnrot
956 4403 1032 4490 (Dio
1041 4406 1093 4485 37,
1102 4407 1152 4488 32,
1162 4407 1200 4490 lt
1215 4403 1514 4496 Cuiusquaestionis
1555 4425 1557 4432 ’
