3300 5128
317 895 322 904 ,
394 830 414 893 l
432 829 572 892 xiiiilx
590 831 619 907 5,
631 833 664 893 u:
683 829 777 892 Creta
794 829 961 907 Ciliciaque
979 829 1109 907 piratico
1127 830 1208 889 bello
1227 827 1413 905 perdomitae
1424 825 1456 886 ln

323 921 447 981 formam
471 921 644 996 prouinciae
667 920 853 993 redigamini.
891 919 957 994 Quo
981 918 1062 980 iacto
1085 925 1118 980 et
1136 916 1246 993 Syriae
1270 923 1303 976 et
1319 914 1456 990 Aegypti

323 1025 420 1082 regna
446 1009 584 1070 Romane
611 1009 767 1069 vicinitate
791 1015 911 1081 artata,
939 1024 1017 1082 qnae
1045 1008 1231 1067 incrementa
1257 1005 1295 1064 de
1322 1003 1456 1064 tinitirnis

323 1095 411 1163 bellis
430 1113 578 1170 quaerere
597 1099 743 1167 solebant,
761 1097 899 1172 adempte
917 1096 1051 1170 vagandi
1074 1095 1202 1155 arbitrio
1222 1093 1304 1153 uires
1327 1109 1400 1154 suas
1425 1090 1457 1151 lu

324 1185 484 1264 perniciem
503 1192 636 1246 mutuam
649 1192 862 1246 convertermrt
880 1229 888 1244 .
902 1229 930 1244 ..

394 1272 485 1334 ixi,
505 1273 557 1344 i‚1
579 1291 655 1348 sqq:
679 1273 802 1349 popalus
820 1273 930 1347 Syriae
947 1271 1127 1346 peregrinos
1145 1286 1237 1344 reges
1256 1266 1313 1330 sibi
1333 1268 1457 1327 circnm-

324 1361 440 1437 spicere
463 1362 563 1438 coepit
581 1409 589 1424 .
608 1409 615 1423 .
635 1409 643 1422 .
663 1364 740 1437 qnod
762 1381 813 1423 rex
837 1360 1031 1422 Mithridates
1050 1360 1212 1434 implicitus
1225 1358 1306 1418 bello
1319 1357 1456 1418 Romano

325 1455 406 1510 esset
426 1495 434 1509 .
457 1491 465 1508 .
486 1496 495 1511 .
517 1467 619 1510 omnes
641 1452 673 1510 ln
695 1450 855 1524 Tigranem
878 1467 981 1524 regem
999 1448 1164 1509 Armeniae
1190 1462 1370 1506 consensere
1395 1489 1457 1505 ...

316 1535 426 1620 Igitur
445 1537 560 1598 accitus
572 1539 603 1598 ln
616 1554 740 1612 regnum
753 1537 859 1614 Syriae
877 1553 932 1611 per
950 1536 980 1596 X
994 1543 1026 1597 et
1039 1535 1087 1598 IV
1100 1551 1195 1595 annos
1209 1533 1457 1608 tranquillissimo

325 1641 420 1700 regno
438 1627 554 1700 potitus
573 1632 629 1687 ost

396 1711 454 1774 Xls
472 1714 530 1786 22
549 1732 626 1789 squ:
645 1713 778 1787 Tigrane
798 1712 959 1772 aLucallo
977 1713 1058 1772 victo
1077 1728 1132 1771 rex
1151 1709 1261 1786 Syriae
1279 1709 1460 1781 Antiochus,

325 1797 468 1873 Cyziceni
490 1801 579 1875 tilius,
598 1803 636 1861 ab
655 1801 756 1862 eodem
768 1799 894 1860 Lucullo
913 1800 1094 1874 appellatur.
1132 1797 1194 1860 Sed
1216 1799 1293 1876 qnod
1311 1797 1458 1860 Lucullus

325 1887 459 1962 dederat,
476 1895 584 1964 postea
602 1889 714 1972 ademit
730 1887 898 1963 Pompeius.

395 2007 431 2020 -
448 1977 488 2037 ib.
507 1976 534 2049 2,
547 1978 577 2037 5:
605 1979 708 2051 Atque
731 1977 775 2037 ita
792 1977 913 2052 Syriam
931 1977 963 2036 in
984 1977 1157 2053 prouinciae
1180 1974 1306 2034 formam
1330 1976 1459 2050 redegit,

325 2063 528 2140 paulatimque
548 2066 648 2125 orieris
666 2064 866 2144 Romanorum
879 2064 1031 2125 discordia
1043 2064 1333 2138 consanguineorum
1352 2079 1460 2138 regum

331 2153 430 2214 iactus
448 2161 497 2214 est
1125 2147 1134 2154 ’
1167 2153 1182 2162 ’“

326 2246 358 2301 et
380 2241 442 2300 alla
463 2241 548 2300 ultra
567 2257 676 2301 anunm
697 2240 779 2300 illum
801 2242 892 2316 longe
916 2259 1081 2317 progressa
1104 2246 1183 2300 aunt
1222 2238 1307 2313 Quas
1330 2255 1381 2300 res
1406 2255 1459 2300 suu

327 2345 402 2388 aevo
415 2335 520 2403 gestas
533 2330 671 2405 potuitne
689 2328 785 2400 ‚iracile
797 2328 989 2403 subiungere‘
997 2330 1019 2402 ¹)
1032 2329 1154 2402 'l'rogns
1167 2328 1260 2403 operi,
1280 2328 1390 2406 quippe
1409 2327 1460 2402 qui

326 2431 420 2490 neque
439 2433 539 2477 rerum
558 2435 594 2476 ac
612 2423 773 2492 temporam
791 2416 933 2487 ordinem,
958 2433 1159 2491 quemcunque
1183 2417 1215 2476 lu
1239 2417 1323 2490 iunte
1342 2432 1397 2475 sno
1416 2414 1459 2475 iu·

327 2511 461 2579 uenerat,
479 2506 697 2580 permutauerit
714 2521 806 2579 neque
825 2523 882 2566 sna
900 2512 1007 2581 sponte
1026 2505 1120 2565 libros
1134 2521 1205 2564 snos
1224 2503 1459 2580 locupletaverit

327 2591 568 2653 accessionibus?
1045 2618 1047 2622 ·

399 2679 515 2756 Quibus
535 2681 670 2740 ominibus
688 2679 725 2740 de
749 2681 846 2740 causis
866 2697 920 2741 uos
944 2681 1061 2755 quidem
1080 2697 1117 2740 ex
1141 2681 1261 2740 Iustino
1284 2681 1462 2754 colligimus,
1543 2743 1581 2754 ,-

327 2767 481 2829 Posidonii
501 2768 637 2828 historiis
650 2767 780 2842 Trogum
792 2785 877 2828 arsum
896 2786 1045 2829 noneste
1069 2769 1154 2828 Idem
1167 2769 1254 2829 nobis
1268 2767 1460 2829 statuendum

327 2856 387 2916 erit
405 2856 442 2917 de
460 2856 547 2916 libris
566 2859 630 2917 eine
655 2843 737 2935 περὶ
750 2841 929 2932 Ὠκεανοῦ,
947 2859 979 2918 in
993 2859 1100 2933 quibus
1112 2859 1325 2920 mathematica
1336 2857 1457 2932 potissi·
1559 2904 1561 2908 .

328 2961 403 3005 mum
428 2952 460 3006 et
483 2946 609 3020 physica
632 2947 766 3006 adlribita
787 2949 905 3008 ratione
932 2947 1150 3022 geographiam
1174 2947 1269 3008 fudsse
1293 2945 1460 3020 expositam

329 3032 441 3094 Strabo
464 3035 513 3104 (ΙΙ
532 3055 560 3111 p.
579 3039 622 3097 nt
642 3037 725 3097 vni
747 3055 775 3112 p.
792 3039 859 3111 332)
878 3039 1047 3113 proiltetnr.
1086 3037 1169 3112 Quos
1188 3039 1239 3098 ubi
1263 3038 1385 3112 Trogus
1409 3037 1461 3097 ed·

327 3121 461 3182 tribuisse
483 3126 591 3198 potuit,
619 3127 651 3185 iu
677 3125 870 3186 describendo
897 3133 1001 3186 terrae
1029 3133 1119 3195 rnatu.
1148 3127 1199 3201 qul
1218 3125 1336 3203 Syriam
1359 3132 1461 3186 vosta-

328 3209 382 3282 vit,
410 3211 506 3270 insius
534 3212 600 3286 egit
622 3229 708 3287 quam
735 3219 769 3273 ut
794 3214 982 3288 excerpsisse
1007 3215 1147 3274 uideatur
1176 3213 1226 3284 (ci.
1252 3213 1310 3274 XL
1332 3215 1360 3286 2,
1386 3215 1400 3274 l
1426 3245 1462 3255 -

328 3295 428 3358 Posld.
451 3299 488 3359 ir.
507 3301 566 3372 iii).
612 3300 650 3361 Iu
673 3301 727 3360 lroo
754 3303 956 3376 geographico
985 3319 1076 3378 opere
1105 3318 1280 3377 quamquam
1310 3303 1381 3376 qaln
1408 3318 1460 3362 ros

328 3383 367 3444 nd
393 3384 550 3446 lrlstoriam
578 3395 750 3463 spectantes
775 3390 941 3449 intexuerit
973 3391 1032 3450 sibi
1064 3396 1234 3464 temperare
1262 3406 1320 3448 non
1353 3391 1462 3464 potuit,

329 3477 506 3531 tamennon
530 3474 674 3546 inuenies,
702 3493 776 3550 quae
803 3476 884 3550 apud
902 3475 1052 3538 Iustinum
1081 3483 1165 3537 certo
1194 3482 1317 3536 anctore
1346 3485 1462 3551 carent,

329 3576 394 3620 cum
417 3561 511 3621 multo
534 3569 607 3621 ante
634 3562 776 3623 historias
803 3565 1036 3641 conscriptum2)
1065 3581 1124 3624 uon
1152 3564 1238 3625 modo
1257 3571 1412 3626 coartatas
1431 3573 1464 3627 et

308 3669 314 3678 ·
328 3655 513 3722 peranguste
531 3649 663 3710 refertas
681 3667 731 3710 res
743 3651 903 3712 historicas
922 3653 1086 3726 contineat,
1106 3669 1181 3728 quas
1194 3653 1224 3713 iu
1237 3652 1373 3716 historiis
1387 3654 1463 3730 ipsis

331 3734 424 3795 latius
447 3735 622 3810 diuulgatas
645 3753 703 3797 non
726 3739 823 3813 potnit
846 3754 906 3797 uon
933 3741 1114 3815 retractare,
1132 3757 1236 3801 rerum
1265 3740 1356 3801 etlam
1386 3758 1463 3816 qnae

329 3823 547 3898 posterioribus
561 3823 648 3883 aunis
660 3825 742 3884 iacta
759 3831 829 3884 emat
848 3827 965 3886 omniuo
978 3843 1037 3886 non
1050 3826 1276 3902 complectatur.
1307 3829 1403 3891 Forte
1415 3830 1463 3890 cui

330 3909 457 3984 denique
481 3910 584 3971 idest
607 3911 768 3986 offensioni,
796 3912 874 3988 qnod
903 3915 1042 3974 annuitis
1070 3922 1103 3975 et
1129 3916 1227 3976 doctis
1246 3917 1321 3977 viris
1350 3925 1405 3978 aut
1431 3918 1464 3978 in

330 4001 425 4061 medio
449 3998 640 4074 relinquitur,
667 4007 765 4060 ramum
786 4001 968 4064 Posidonius
991 4013 1116 4080 praetor
1139 4005 1285 4070 historias
1307 4009 1402 4069 libros
1425 4006 1464 4067 ad

330 4088 487 4148 historiam
506 4089 693 4164 pertinentes
716 4091 914 4164 composuerit
937 4108 1039 4166 necue,
1068 4101 1123 4152 aut
1145 4093 1221 4154 illud
1239 4095 1288 4156 uel
1306 4096 1462 4173 probatur.

331 4173 393 4235 Sod
410 4177 494 4236 cuius
514 4193 658 4250 rrasqnam
676 4177 711 4236 ut
728 4178 844 4237 neuntio
864 4195 961 4254 neque
980 4180 1142 4252 uestigium
1160 4185 1323 4258 reperitur,
1341 4186 1379 4245 de
1398 4183 1463 4256 eo³)

332 4279 392 4322 non
411 4269 459 4323 est
476 4263 678 4336 cogitandam,
701 4265 777 4323 unde
793 4265 926 4339 pendeat
944 4265 1074 4340 irogus.
1106 4267 1216 4343 ltaque
1234 4269 1307 4330 lieet
1328 4270 1464 4347 equidem

331 4367 398 4412 mea
416 4351 617 4427 explicatione
635 4367 694 4411 nou
718 4350 860 4426 impulsor
883 4353 992 4414 inerim
1016 4361 1107 4429 atque
1129 4373 1303 4432 persuasor.
1326 4367 1363 4420 ut
1379 4358 1464 4421 Posi·

367 4614 372 4625 ¹
404 4565 426 4703 Ἄ
441 4563 555 4704 {iffi
601 4563 727 4690 ffligxdit
737 4633 949 4710 Scirepplgimp
964 4635 997 4693 18
1009 4640 1037 4698 et
1047 4637 1090 4706 20,
1103 4655 1216 4715 quocum
1225 4657 1332 4716 prorsus
1345 4640 1423 4700 lucio.

402 4707 425 4784 ἵ)
441 4701 476 4761 ti.
494 4701 630 4774 Sohepplg
649 4719 678 4778 p.
695 4701 730 4760 88
746 4719 801 4778 squ.

1614 4367 1625 4478 i
