3274 5032
426 789 487 844 tum
507 785 598 846 uariis
617 787 848 863 cogitationibus
867 789 992 850 iudicem
1011 795 1043 868 et
1061 789 1180 864 saepius
1200 786 1383 850 ineruditum
1397 785 1549 896 captanda

426 873 510 934 nom
497 883 586 1022 -θῗζ
608 961 670 1022 101:
696 963 742 1023 At
769 982 829 1024 rron
857 965 985 1024 historia
1011 964 1138 1024 cesserit
1156 961 1291 1031 Graecis,
1319 979 1374 1022 neo
1397 978 1549 1037 opponere

426 1047 591 1126 Thucydidi
609 1049 783 1112 Sallustium
803 1071 919 1114 v.erear

497 1139 586 1197 -ib
607 1139 670 1200 102:
706 1140 837 1215 Ideoque
866 1143 1061 1202 immortalem
1090 1142 1171 1201 illam
1195 1095 1335 1200 Sallustii
1356 1137 1549 1198 uelocitatem

428 1224 554 1286 diuersis
574 1227 733 1288 uirtutibus
753 1236 931 1289 consecutus
950 1236 1006 1290 est.
1267 1243 1273 1252 ’

498 1344 534 1354 -
552 1312 582 1372 Χ
599 1313 624 1384 0,
643 1315 689 1374 17:
718 1319 767 1390 qul
796 1319 942 1392 praecisis
970 1318 1210 1377 conclusionibus
1234 1315 1353 1375 obscuri
1372 1314 1550 1375 Sallustium

427 1406 515 1476 etque
535 1400 733 1477 Thucydidem
753 1412 907 1481 superant.

499 1521 531 1532 -
551 1488 580 1548 X
597 1491 623 1560 3,
641 1493 659 1550 7
664 1514 670 1564 ;
688 1496 719 1552 8:
750 1493 810 1553 Sed
830 1541 836 1554 .
856 1541 863 1555 .
884 1541 890 1554 .
910 1496 1066 1555 redeamus
1086 1495 1124 1554 ad
1142 1493 1280 1553 indicium
1300 1497 1332 1552 et
1350 1497 1551 1552 retractemus
1575 1532 1580 1540 -
1608 1487 1611 1492 “

427 1586 594 1654 suspectam
612 1582 791 1643 facilitatem.
820 1582 870 1643 Sic
883 1585 1040 1659 scripsisse
1053 1581 1229 1642 Sallustium
1243 1583 1419 1657 accepimus,
1433 1586 1465 1638 et
1477 1597 1550 1640 sane

427 1667 601 1734 manifestus
619 1679 666 1732 est
683 1673 773 1732 etiam
793 1690 829 1732 ex
849 1690 940 1748 opere
959 1675 1023 1748 ipso
1041 1673 1136 1732 labor.

499 1758 595 1836 Tacit.
608 1762 704 1820 annal
723 1761 838 1822 11130·
869 1762 1017 1837 Crispum,
1037 1761 1168 1837 equestri
1188 1766 1285 1819 ortum
1303 1758 1378 1831 loco,
1398 1757 1432 1819 C.
1452 1755 1551 1816 Sallu·

429 1843 505 1904 otius
527 1863 623 1907 rerum
642 1848 843 1908 Romanarum
872 1847 1100 1909 florentissimus
1129 1855 1243 1921 sanctor,
1271 1847 1385 1907 sororis
1412 1849 1551 1919 nepotem

428 1932 459 1992 in
478 1950 581 1994 nomen
600 1936 732 1996 adstitit

500 2021 620 2082 Sueten.
638 2023 705 2082 Diu.
727 2022 859 2097 August
882 2025 918 2082 80
940 2025 980 2100 lp.
1000 1975 1044 2095 70,
1064 2025 1099 2084 15
1122 2025 1166 2083 ed.
1193 1975 1301 2095 Rotlr):
1330 2021 1445 2091 uerbis,
1474 2035 1551 2094 quae
1631 2055 1635 2066 .

1620 2271 1633 2559 l

430 2109 555 2186 Crispus
574 2111 732 2172 Sallustius
758 2115 909 2187 excerpsit
932 2131 967 2173 ex
988 2113 1162 2187 Originibus
1182 2113 1316 2173 Ostende.

499 2231 535 2240 -
555 2200 590 2260 de
608 2219 727 2274 grainan.
749 2201 783 2260 10
802 2202 843 2276 (p.
862 2203 924 2277 201,
943 2203 1004 2275 001
1038 2203 1164 2262 Asinius
1192 2200 1327 2261 Pollio'
1318 2216 1348 2258 ιιι
1375 2198 1464 2269 libro,
1492 2213 1550 2270 quo

430 2286 567 2350 Sallustii
587 2291 697 2364 scripta
716 2290 911 2364 reprehendit
930 2297 964 2350 ut
987 2291 1077 2350 niuniu
1101 2291 1264 2366 priscorum
1284 2287 1444 2348 uerborum
1464 2286 1550 2346 affec·

430 2377 543 2436 tatione
563 2377 676 2437 oblita

501 2495 537 2505 -
554 2464 592 2524 ib.
602 2483 629 2540 p.
642 2465 701 2538 202,
713 2466 742 2526 6:
756 2467 867 2525 Ateius
877 2465 1053 2538 Philologus
1063 2464 1155 2524 coluit
1164 2461 1395 2523 lirnrlliarissime
1408 2463 1442 2525 C.
1453 2461 1551 2524 Sallu·

431 2553 519 2612 stium
532 2559 564 2612 et
576 2569 609 2611 eo
622 2553 759 2612 dolonem
772 2553 912 2612 Asinium
924 2553 1099 2626 Pollionem,
1119 2570 1191 2627 qnos
1204 2550 1360 2610 luistoriam
1374 2567 1551 2627 corrrpouere
1623 2577 1625 2588 r

432 2634 601 2714 aggressos
614 2641 738 2700 alterum
751 2641 903 2700 breviario
915 2657 1013 2701 rernm
1027 2643 1153 2701 ornrrinm
1165 2641 1375 2705 Rornunarmn.
1395 2657 1432 2699 ex
1445 2641 1567 2714 quibus‘

346 2781 349 2788 .
430 2745 503 2803 quus
522 2728 614 2788 vellet
632 2729 765 2802 eligeret,
783 2730 929 2788 instruxit
957 2760 990 2770 -
1016 2731 1082 2804 Quo
1101 2729 1197 2802 ‚inagis
1216 2727 1306 2786 miror
1325 2727 1466 2787 Asinium
1488 2743 1550 2786 cre·

430 2816 553 2888 didisse,
581 2816 702 2890 antiqua
729 2832 795 2875 curn
825 2818 918 2876 verba
946 2824 977 2876 et
1010 2819 1124 2890 ligamus
1153 2816 1273 2875 solitum
1305 2831 1373 2873 essu
1406 2816 1551 2890 colligere
1621 2853 1630 2874 ι.

363 2987 367 2994 ¹
431 2903 576 2964 Sallustio
594 2934 629 2944 -
647 2904 723 2966 uitet
746 2903 872 2963 ruraxime
895 2904 1107 2964 obseruitatrm
1127 2903 1266 2964 Sallustii
1290 2909 1323 2962 et
1346 2903 1502 2964 audaciam
1521 2904 1552 2963 in

430 2991 683 3053 translationibus.

1617 2885 1630 2971 'l

1624 3005 1636 3052 i*

499 3109 536 3122 -
554 3081 592 3138 lb.
611 3081 645 3139 15
662 3097 688 3154 p.
701 3079 763 3148 001,
782 3079 813 3139 5:
834 3079 973 3140 Lenaeus
986 3087 1063 3140 -ut
1076 3080 1251 3140 Sallustium
1270 3079 1456 3152 historicum,
1474 3080 1553 3154 quod
1622 3083 1627 3180 j

383 3223 390 3246 ,
430 3185 494 3228 eum
537 3168 597 3227 oris
638 3169 734 3242 probi.
776 3170 874 3228 ιιιιίιιιι
911 3170 1111 3229 inverecundo
1148 3169 1323 3244 scripsisset
1359 3169 1554 3228 acerbissima

431 3264 536 3330 satyra
554 3257 740 3328 laceraverit,
767 3256 935 3317 lastaurum
963 3266 995 3318 et
1016 3258 1167 3318 lurconem
1186 3265 1218 3317 et
1236 3257 1413 3317 nebulonem
1431 3257 1552 3332 popino-

399 3327 411 3355 '
430 3359 555 3418 nemque
572 3343 724 3418 appellans
744 3345 853 3404 etrite
872 3345 1052 3420 scriptisque
1071 3352 1278 3418 ruonstrosum,
1297 3351 1459 3418 praeterea
1476 3345 1552 3420 pris·

433 3447 532 3491 corum
551 3430 730 3504 Catonisque
748 3433 908 3491 rer-borum
927 3433 1190 3493 ineruditissimum
1210 3433 1314 3492 iurem.
1486 3467 1490 3473 ·

501 3549 538 3560 -
556 3518 658 3594 reliqu
672 3517 739 3594 Xp.
758 3520 821 3592 300,
842 3519 888 3578 15:
909 3518 1074 3580 Sallustius
1088 3520 1214 3596 Crispus
1233 3521 1364 3595 scriptor
1382 3521 1554 3580 historicus.

503 3606 620 3667 Cornel.
648 3605 749 3666 bumont
777 3612 809 3665 ct
836 3605 875 3665 ll.
897 3606 1018 3665 Aurelii
1046 3607 1113 3682 imp.
1141 3606 1435 3683 epistul.l113(p
1453 3609 1490 3667 30
1508 3607 1554 3666 cd.
1606 3681 1609 3690 Δ

432 3695 560 3772 blebem:
579 3696 625 3755 'Pu
647 3694 715 3754 milri
739 3695 775 3754 de
799 3693 833 3754 C
854 3693 905 3755 Cr
897 3712 961 3770 ispo
980 3696 1070 3756 timeo
1089 3703 1122 3756 ut
1150 3713 1286 3771 umquam
1313 3697 1433 3770 gratias
1461 3712 1555 3770 agere

432 3783 538 3913 pom:
557 3871 608 3931 ΙΙΙ
629 3871 658 3930 11
680 3870 720 3945 (p.
738 3871 802 3944 le).
831 3869 908 3943 quod
928 3878 960 3930 tu
980 3887 1104 3944 guornas
1122 3872 1245 3946 egregie
1270 3871 1457 3944 courr·‚ertlstl
1477 3871 1556 3932 bane

432 3958 558 4033 quidem,
578 3977 662 4033 quum
680 3959 771 4041 bodie
785 3959 896 4034 accepi,
914 3975 1007 4034 prope
1026 3961 1161 4034 perlecti,
1180 3967 1214 4019 ut
1232 3959 1302 4036 poni
1316 3960 1347 4020 in
1363 3960 1441 4020 libro
1455 3957 1554 4020 Sallu·

434 4048 483 4108 stli
503 4049 607 4122 possit,
625 4066 678 4108 nee
696 4047 848 4122 discrepet
866 4053 920 4106 aut
938 4047 1093 4122 quicquam
1112 4048 1245 4108 decedat

504 4167 532 4178 -
558 4136 604 4197 IV
637 4139 694 4212 tlp.
713 4138 775 4209 6‘2):
796 4137 958 4196 Oratorem
982 4144 1051 4211 post
1073 4137 1205 4197 homiues
1224 4143 1312 4197 natos
1332 4152 1408 4196 uuus
1428 4137 1563 4234 orunlum⁸
1598 4183 1601 4188 .

434 4223 471 4283 ll.
490 4222 614 4284 Porcius
632 4227 752 4301 citusque
771 4227 915 4300 frequens
935 4231 1068 4284 sectator
1087 4225 1121 4286 C.
1140 4224 1312 4286 Sallustius

504 4341 539 4353 -
559 4311 587 4371 l'
605 4315 640 4373 50
659 4315 698 4390 (ιι.
715 4315 776 4386 etp
797 4315 921 4373 ualeant
939 4330 1039 4372 omues
1059 4313 1158 4374 Porcll
1177 4323 1209 4374 et
1227 4313 1373 4393 'Pulllbet
1391 4311 1501 4388 Crispi.

505 4401 664 4461 Frorrtonls
691 4410 722 4462 et
739 4401 887 4461 Antonini
915 4403 981 4476 lmp.
1011 4400 1098 4476 epist
1117 4400 1185 4460 111
1208 4401 1248 4476 (p.
1268 4401 1347 4474 lab:
1373 4399 1462 4460 dlitte
1484 4403 1557 4462 urilrl

435 4489 547 4563 aliquid
574 4491 649 4566 quod
677 4491 731 4550 tibi
750 4489 995 4550 dissertissimuur
1013 4491 1161 4565 rideatur,
1180 4490 1258 4564 quod
1275 4489 1384 4564 legum,
1405 4491 1453 4551 rel
1474 4497 1556 4551 turum

436 4585 490 4637 aut
508 4577 631 4638 Catonis
649 4585 702 4637 aut
719 4575 875 4638 Ciceronis
893 4581 947 4639 aut
965 4575 1114 4640 uallauit

1616 3219 1621 3251 l
