3308 5120
817 540 980 640 ...6.6..

342 733 531 802 veniendum
543 742 618 800 erat
645 733 744 820 Atqui
760 733 800 798 de
815 755 873 799 suo
888 731 966 797 nihil
982 732 1119 816 inserere
1135 757 1237 800 rerum
1254 733 1388 820 scriptor
1403 730 1507 811 debet,

340 840 425 930 ‹ltrod
448 864 511 906 non
540 863 578 905 ex
606 839 695 927 ipisis
722 839 815 905 rebus
842 847 987 926 apparet3
1016 838 1123 926 itaque
1147 839 1316 907 Sallustius
1338 837 1422 904 facta
1445 860 1506 902 non

341 949 409 1013 sine
432 947 560 1013 licentia
574 944 731 1033 disposuit
752 954 786 1011 et
799 943 832 1010 id
847 967 886 1011 eo
901 945 1002 1032 magis
1017 943 1119 1011 lacere
1134 954 1263 1012 coactus
1279 952 1355 1026 erat,
1377 943 1462 1031 quod
1477 944 1507 1010 ei

341 1055 402 1142 ipsi
418 1052 500 1134 anni,
523 1050 563 1118 de
579 1052 691 1140 quibus
708 1051 871 1133 scribebat,
892 1051 1100 1138 labyrinthus,
1115 1063 1152 1119 ut
1164 1053 1210 1119 ita
1224 1051 1336 1131 dicam,
1352 1049 1508 1116 machina·

341 1161 461 1226 tionum
485 1159 718 1225 mubitiosurum
734 1167 830 1239 crant,
852 1179 931 1245 quae
948 1181 1144 1246 nequaquam
1160 1181 1270 1225 omnes
1287 1156 1372 1223 idem
1387 1165 1509 1244 specta·

342 1266 427 1332 bant.
469 1264 606 1330 Movens
622 1273 726 1330 autem
749 1262 824 1328 illud
840 1263 1039 1351 principium,
1061 1286 1125 1351 quo
1141 1288 1220 1352 opus
1244 1273 1319 1344 erat,
1342 1261 1509 1329 Sallustius

343 1371 404 1438 sibi
431 1371 556 1460 paravit
577 1371 608 1436 in
636 1370 852 1457 ingeniosius
877 1371 950 1451 viri,
975 1367 1015 1436 de
1039 1392 1103 1458 quo
1130 1371 1302 1459 scripturus
1318 1379 1399 1449 erat;
1429 1392 1509 1457 qnae

343 1479 423 1544 ratio
465 1475 689 1565 interpretandi
726 1499 764 1542 en
802 1477 911 1543 arriuu'
948 1484 1040 1543 ereata
1077 1501 1140 1544 uon
1184 1487 1248 1544 tam
1285 1497 1378 1557 vera,
1417 1497 1510 1563 qnam

344 1583 479 1652 iucunda
510 1593 567 1650 est.
610 1582 722 1670 Neque
753 1605 827 1648 vem
858 1581 1035 1650 delectandi
1068 1606 1163 1650 causa
1198 1583 1238 1650 ab
1269 1604 1346 1649 vera
1380 1581 1510 1649 historia
1617 1655 1622 1664 ,

343 1690 510 1759 abhorrere
532 1687 636 1756 deber.

450 1798 501 1863 Ac
522 1819 595 1862 omn
617 1795 754 1862 Catilina
779 1795 939 1884 exemplar
969 1796 1127 1884 singulare
1158 1797 1311 1864 coniurati
1343 1794 1513 1878 videretur,

345 1903 514 1972 Sallustius
536 1925 607 1970 eum
623 1903 773 1991 imprimis
796 1901 835 1968 ad
851 1902 1076 1969 coniurandum
1100 1915 1208 1993 aptum
1231 1914 1264 1970 et
1286 1925 1385 1991 paene
1405 1910 1512 1968 natum

345 2010 443 2076 linxit
477 2009 552 2090 Qua
573 2010 605 2075 in
628 2033 662 2075 re
686 2009 850 2075 infeliciter
863 2007 988 2090 accidit,
1009 2009 1095 2097 quod
1112 2010 1164 2076 illa
1187 2011 1260 2077 anni
1277 2011 1318 2076 66
1340 2009 1512 2075 coniuratio

345 2119 374 2184 ei
404 2126 480 2182 nota
507 2125 583 2196 erat,
614 2139 675 2203 qua
706 2115 846 2181 nonnulli
875 2117 1088 2203 potentissimi
1120 2117 1180 2182 viri
1212 2117 1421 2205 principatum
1453 2115 1513 2182 sibi

346 2246 456 2312 parare
486 2221 678 2289 studuerant.
732 2219 823 2288 Idem
852 2232 957 2289 autem
987 2222 1125 2289 Catilina
1153 2223 1226 2306 (NB
1255 2223 1402 2305 fortasse)
1431 2243 1513 2288 anno

347 2333 390 2397 63
413 2332 579 2418 petiverat,
605 2351 642 2394 ac
664 2351 734 2394 cmn
757 2337 923 2410 constaret,
946 2352 1017 2394 eum
1041 2331 1137 2418 priori
1160 2352 1284 2416 quoque
1308 2329 1513 2395 coniurationi

347 2423 536 2518 interfuisse,
558 2459 660 2502 rerum
684 2437 817 2525 scriptor
838 2436 905 2502 sinc
928 2435 1063 2502 fontium
1079 2435 1274 2524 inspectione
1294 2436 1385 2502 facile
1409 2433 1514 2502 induci

347 2542 461 2632 potuit,
483 2551 519 2608 ut
540 2541 690 2624 crederet,
713 2565 784 2608 eum
807 2543 868 2608 iam
891 2550 958 2608 tum
982 2565 1085 2609 rerum
1108 2543 1202 2632 potiri
1226 2543 1374 2609 voluisse.
1416 2541 1517 2610 Sallu·

348 2651 429 2716 stius
451 2650 535 2716 bona
554 2643 629 2715 ⁴tide
661 2672 719 2738 per
749 2648 831 2714 hanc
863 2648 1037 2740 analogiam
1069 2649 1232 2730 conclusit,
1262 2672 1365 2736 neque
1396 2649 1455 2714 hac
1476 2648 1517 2716 de

348 2777 444 2822 causa
465 2756 532 2821 lieri
554 2755 667 2844 potuit,
689 2765 812 2822 utrem
836 2778 909 2822 vere
925 2755 1123 2843 intellegeret
1144 2767 1176 2822 ct
1196 2755 1397 2822 describeret.
1434 2755 1517 2822 Nam

350 2862 377 2928 si
400 2861 539 2929 Catilina
560 2861 649 2928 hanc.
663 2861 814 2948 regnandi
836 2860 1040 2951 cupiditatem
1063 2886 1122 2952 per
1143 2873 1208 2929 tres
1230 2885 1330 2928 annos
1353 2865 1385 2928 in
1405 2855 1517 2928 adver·

350 2969 485 3036 cissimis
508 2968 601 3035 rebus
624 2968 772 3050 servavit,
802 2991 870 3035 earn
903 2978 1015 3035 natum
1048 2971 1116 3036 eius
1139 2969 1265 3056 ingenio
1297 2971 1423 3036 insitam
1446 2991 1516 3036 esse

350 3098 432 3164 opus
455 3084 530 3142 erat.
558 3074 644 3142 *Cum
666 3083 770 3142 autem
792 3099 832 3142 ex
847 3074 1062 3142 adulescentia
1085 3075 1239 3142 Catilinae
1262 3075 1341 3143 nibil
1363 3077 1392 3142 ei
1408 3085 1517 3142 aetum

351 3193 446 3264 esset,
468 3183 528 3248 nisi
552 3203 623 3248 cum
646 3181 734 3248 Sulla
756 3181 908 3249 dictatore
931 3183 1124 3271 proscriptos
1140 3180 1355 3250 crudelissime
1371 3205 1518 3271 persecu·

351 3297 418 3355 tum
442 3311 522 3370 esse,
545 3287 712 3355 Sallustius
735 3289 877 3370 coniecit,
900 3311 972 3354 eum
988 3289 1177 3377 speravisse,
1199 3311 1234 3354 se
1249 3275 1383 3356 altemni
1399 3289 1518 3357 sulam

350 3394 489 3461 futmmn
518 3416 597 3460 esse.
645 3393 738 3474 Quae
763 3395 983 3484 retrospiciens
1010 3395 1127 3482 ingenii
1155 3419 1338 3483 nronunque
1367 3399 1519 3485 interpre-

349 3501 431 3590 tatio
455 3523 563 3567 verum
588 3501 711 3588 assequi
735 3523 796 3568 aon
820 3503 1025 3589 perciacum
1048 3500 1519 3590 bornincseorumqueingenia

354 3605 525 3674 crescendo
548 3605 788 3696 progrediantur
809 3607 942 3696 ideoque
965 3630 1005 3674 ex
1027 3630 1196 3696 progressu
1220 3608 1422 3696 intellegendi
1446 3611 1519 3676 sint.

352 3713 465 3802 Neque
481 3713 577 3802 igitru·
591 3713 725 3780 cnrdelis
742 3713 792 3780 ille
805 3713 941 3780 Catilina
956 3737 995 3780 ex
1011 3715 1146 3802 petitore
1162 3717 1249 3802 regni
1265 3714 1520 3804 interpretandus

356 3828 433 3902 emt,
456 3819 579 3886 sedhic
594 3843 633 3886 ex
649 3820 712 3886 illo.
746 3819 866 3888 Omnes
885 3820 1020 3887 fontium
1037 3821 1192 3909 inspectio
1207 3845 1265 3910 per
1287 3845 1322 3888 se
1338 3821 1520 3889 Sallustium

353 3925 554 4008 adduxisset,
585 3937 621 3992 ut
649 3949 699 3994 res
729 3926 769 3993 ab
795 3927 893 3994 initiis
920 3925 961 3994 ad
992 3929 1083 3994 tinem
1113 3937 1307 4017 sequeretur,
1338 3952 1400 3994 non
1430 3951 1521 3996 versa

355 4033 433 4099 vioe.
478 4031 625 4100 Studium
657 4042 761 4099 autem
788 4031 880 4115 illud,
909 4033 995 4121 ‹prrud
1019 4033 1105 4100 Baur
1123 4035 1200 4111 ¹iure
1223 4035 1253 4101 ei
1276 4034 1388 4102 tribuit
1409 4038 1521 4102 arnaria

351 4141 546 4225 perrerolr'ter
568 4141 797 4206 eerrslderundi
818 4147 847 4206 et
864 4140 926 4207 sub
944 4163 1047 4208 terram
1063 4143 1289 4228 capitationem
1307 4143 1524 4209 sarbsrouemli

354 4267 425 4312 cum
456 4245 593 4334 impulit,
624 4256 660 4312 ut
686 4246 754 4312 sine
781 4246 843 4312 ulla
869 4245 1066 4314 dubitatione
1094 4257 1125 4314 et
1149 4245 1364 4314 rrrodemtionc
1386 4249 1522 4338 quodtis

355 4375 393 4417 ex
424 4351 477 4418 illa
508 4353 706 4424 rlorreirruruli
727 4353 979 4442 cupiditatesel
1010 4354 1164 4420 sirrrilibus
1192 4354 1286 4420 aniani
1316 4356 1453 4424 anutibus
1475 4358 1523 4424 in·
