3308 5120
585 556 783 656 -.L

90 748 240 826 nominat,
265 731 366 836 nripre
388 747 450 813 lroe
472 747 623 814 Sallustio
646 745 874 835 neglegendum
889 759 966 828 erat,
988 771 1059 812 crrrrr
1078 747 1178 814 festus
1193 747 1262 815 dies

90 853 178 920 cardi
210 855 497 942 opportunissimus
528 865 622 922 esset.
668 855 856 921 Plutarchus
888 855 1065 920 narratione
1094 855 1264 921 columen·

90 961 166 1026 tiam
190 984 292 1028 rermu
315 971 420 1028 servat
449 985 565 1049 easque
592 963 740 1028 clariores
768 961 888 1042 reddit3
915 961 1004 1026 dulrii
1030 961 1116 1027 illius
1144 963 1262 1028 numeri

91 1069 192 1134 solum
222 1079 310 1149 sunt,
339 1091 410 1133 orrrrr
439 1091 480 1134 cx
503 1069 643 1135 Sallustii
673 1069 843 1153 detulerim
867 1069 945 1133 loric
968 1069 1119 1134 irre-mulio
1141 1091 1261 1155 oppor-

93 1175 185 1240 lrmia
214 1175 298 1262 apud
328 1197 399 1240 cum
429 1186 556 1242 centum
585 1177 666 1242 sacta
696 1178 759 1241 sint
792 1186 825 1241 ct
856 1185 1018 1262 praeterea
1050 1174 1264 1262 aqmredurtus

93 1281 320 1348 intercluditur.
366 1282 431 1347 Res
454 1293 559 1348 autem
583 1283 623 1348 ab
646 1305 685 1348 eo
704 1283 845 1369 prolatae
863 1305 920 1370 pcr
934 1305 969 1347 se
986 1281 1168 1347 verisimilia
1181 1292 1265 1348 sunt.

198 1387 307 1455 Unum
330 1397 388 1468 cst,
417 1387 504 1476 quod
526 1389 664 1476 intellegi
689 1412 754 1454 non
775 1389 886 1476 possit,
911 1387 1066 1454 Lentulus
1089 1387 1174 1476 apud
1196 1387 1265 1454 Sul·

91 1494 220 1560 lustium
252 1497 423 1560 coniuratis
455 1497 633 1583 praecepit,
666 1507 707 1561 ut·
734 1497 828 1561 caede
859 1502 888 1560 cl
922 1497 1073 1560 incendio
1104 1495 1266 1582 perculsis

92 1603 247 1667 ouurilrus
269 1603 313 1668 ud
338 1602 517 1668 Clrliliuum
547 1610 766 1691 cmmrpcrcul.
825 1603 987 1668 Dnmumn
1016 1602 1072 1680 (V.
1096 1607 1173 1684 484)
1200 1625 1264 1668 rem

93 1733 156 1774 non
179 1709 353 1796 inspectam
376 1710 511 1798 recepit3
543 1710 723 1776 Mommsen
746 1709 822 1794 (ΙΙΙ.
849 1712 921 1790 187)
949 1732 1019 1774 eanr
1048 1709 1091 1774 ita
1115 1709 1267 1796 interpre-

94 1826 186 1896 tatur,
208 1827 242 1881 ut
259 1815 452 1904 ennupendo
475 1819 655 1883 coniunctio
677 1841 748 1882 cum
765 1815 900 1883 Catilina
925 1817 991 1880 lieri
1014 1815 1168 1882 debuerit.
1198 1815 1267 1904 Op-

93 1922 168 1987 time
206 1921 321 2009 Hagen
355 1929 437 2011 (pag.
471 1928 547 2006 237)
585 1924 722 2011 quaerit,
759 1946 816 1988 cm·
853 1945 914 1988 non
954 1923 1061 2010 potius
1099 1921 1267 1989 Catilinam

95 2030 333 2110 intromiserint;
356 2041 445 2096 extra
468 2031 577 2096 urbem
600 2032 700 2115 magis
724 2029 928 2096 metuendum
951 2038 1028 2112 erat,
1051 2052 1091 2094 ne
1114 2029 1267 2096 coniurati

94 2137 357 2224 opprimerentur,
400 2161 456 2202 cur
492 2138 587 2224 igitur
623 2161 663 2203 cx
694 2137 772 2203 urbe
807 2139 1002 2225 progressuri
1037 2146 1142 2217 eraut,
1174 2159 1267 2224 quarn

93 2247 262 2331 ceperant?
329 2251 334 2262 '

201 2350 269 2415 Iam
298 2349 338 2416 ad
366 2373 419 2416 cus
447 2375 498 2417 res
522 2351 690 2418 Sallustius
719 2353 874 2439 pervenit,
902 2373 983 2438 quae
1009 2349 1173 2417 Ciceronis
1200 2372 1270 2416 ora·

95 2457 233 2523 tionibus
257 2457 440 2550 notissimae
463 2468 545 2524 sunt.
580 2457 699 2524 Omnia
721 2467 847 2524 narrata
869 2469 953 2540 sunt,
976 2469 1012 2523 ut
1034 2457 1119 2547 apud
1143 2457 1270 2525 Cicero-

96 2587 183 2645 neur;
202 2587 259 2652 por
281 2564 470 2652 Allobroges
493 2565 604 2632 consul
627 2587 645 2631 a
668 2565 865 2653 principibus
889 2553 1130 2631 iusiurandum
1152 2565 1268 2652 siqua·

98 2677 167 2735 mm
195 2673 358 2759 prosudat,
398 2672 484 2759 quod
513 2695 622 2738 onmes
653 2683 778 2760 practer
807 2672 954 2739 Cassium
985 2673 1038 2738 ud
1065 2671 1271 2760 auspimutar

96 2779 187 2844 clarel.
236 2778 391 2844 lentulus
421 2803 476 2844 eos
506 2802 577 2846 cum
609 2779 779 2846 Volturcio
811 2779 962 2845 Faesulas
991 2781 1099 2860 mittit,
1131 2788 1167 2844 ut
1194 2800 1271 2845 curu

102 2887 246 2951 t'uliliua
269 2888 347 2952 duta
370 2893 401 2952 el
415 2893 545 2974 accepta
568 2887 634 2972 fide
653 2888 837 2953 societatem
862 2887 1076 2972 confir-mcum
1102 2885 1272 2954 Volturcio

99 2993 210 3058 literas
232 2994 276 3057 ud
302 2993 483 3059 (utitinam
505 2994 571 3077 alut,
595 3016 740 3080 prrurum
772 2995 959 3080 crcurplum
989 2993 1083 3078 iusru
1109 2993 1272 3078 seriptum

98 3105 154 3164 cst.
209 3097 280 3163 Hae
310 3108 414 3162 auteur
444 3098 553 3166 literae
583 3100 666 3189 apud
698 3099 885 3168 Ciceronem
920 3122 983 3165 non
1016 3097 1136 3165 eisdem
1167 3097 1272 3165 verbis

98 3205 231 3270 traditae
255 3214 330 3269 suut
352 3203 433 3284 (Cat
450 3205 513 3271 ΙΠ.
540 3210 601 3292 12),
623 3216 718 3294 atque
742 3206 826 3295 apud
846 3205 1029 3272 Sallustium
1036 3231 1046 3288 5
1068 3229 1131 3293 quo
1154 3205 1271 3270 factmu

99 3321 157 3393 cst,
171 3321 206 3376 ut
221 3309 353 3375 alterum
373 3332 481 3378 eorum
497 3315 716 3380 commenticia
731 3314 867 3380 scribere
883 3315 971 3380 multi
988 3313 1128 3379 erodant.
1158 3311 1272 3399 Hagen

99 3428 261 3503 utramque
285 3417 451 3504 epistulam
481 3419 649 3507 diligenter
671 3431 888 3510 perscrutatus
910 3430 1076 3509 astatque
1100 3442 1200 3508 paene
1223 3441 1273 3486 res

100 3525 184 3612 ipsas
208 3521 279 3588 ideo
309 3527 339 3590 in
370 3525 501 3592 dubium
530 3538 632 3594 vocar
677 3527 798 3594 Censet
825 3531 908 3594 enim
932 3527 1102 3594 Lentulum
1131 3537 1196 3592 tam
1223 3549 1274 3592 sc·

99 3653 207 3696 curum
230 3652 300 3696 esse
324 3655 387 3697 uon
410 3635 552 3719 potuisse
576 3646 610 3699 ut
636 3635 839 3701 l'ollurcium
862 3630 1059 3722 ‘proatavo'
1083 3657 1156 3701 cunr
1172 3633 1274 3702 Gallis

2 3799 3 3836 p
100 3741 246 3804 mitteret.
298 3737 415 3804 Virum
457 3740 488 3804 in
519 3743 736 3808 conirnatione
772 3753 948 3830 eluctatum
983 3740 1025 3808 ad
1059 3743 1122 3808 tale
1161 3763 1274 3807 nrunus

100 3843 277 3934 eligendum
301 3843 410 3925 irrissc,
432 3847 459 3910 si
482 3845 590 3913 literas
612 3847 825 3916 clandestinas
849 3871 1012 3916 mnusunrs
1035 3871 1105 3916 csse
1128 3847 1180 3914 ille
1203 3871 1275 3937 spe·

2 3955 3 4040 Ῐ
101 3953 225 4019 nrverit.
271 3950 336 4018 Sed
360 3952 391 4018 in
416 3952 476 4018 lroe
499 3953 703 4022 vehementer
725 3963 819 4038 enat,
850 3979 921 4022 emn
945 3955 1110 4023 Ciceronis
1133 3955 1276 4044 specula·

2 4051 3 4116 ἶ
101 4071 186 4126 tores
216 4058 354 4126 nobilem
377 4059 512 4148 aliquem
536 4062 731 4128 coniuratum
760 4063 855 4128 etiam
886 4063 985 4130 multo
1009 4063 1109 4150 magis
1135 4061 1276 4128 animad-

2 4223 3 4234 ,
101 4167 279 4234 vertissent
311 4166 499 4236 Volturcius
515 4169 697 4258 aptissimus
718 4168 759 4235 ad
779 4169 840 4235 lroc
864 4170 1043 4236 ruamlatum
1059 4179 1135 4250 crat,
1157 4172 1275 4258 quippe

100 4274 152 4362 rpri
181 4282 254 4339 ante
282 4296 399 4361 paucos
426 4273 495 4341 dies
526 4276 557 4341 iu
585 4276 833 4342 coniurationem
864 4287 1010 4366 receptus
1041 4275 1117 4342 nihil
1147 4278 1276 4364 gravius
1320 4315 1321 4320 ι

105 4379 239 4470 prodere
262 4391 380 4468 posset.
417 4381 483 4461 Qui
508 4383 535 4446 si
558 4383 662 4448 aninro
677 4393 844 4470 praesente
867 4383 988 4466 suisset,
1010 4383 1158 4450 facillime
1181 4392 1275 4449 noctu

1084 4511 1115 4562 4⁸
