3308 5120
723 621 743 684 3

155 823 247 880 nutus
281 821 347 878 erut
386 811 460 898 (vid.
494 812 632 878 tabidum
662 811 914 899 chronologicam
945 813 976 877 iu
1007 809 1145 880 editione
1174 813 1314 899 Kritaii);

154 919 312 1008 quoruodo
343 920 436 986 homo
465 918 666 1001 adulescens,
703 927 737 985 et
765 919 878 1007 peritia
914 928 947 984 et
978 917 1093 984 iudicio
1124 921 1315 1002 immaturus,

155 1049 281 1114 sperare
303 1027 415 1114 poluit,
437 1049 471 1092 se
487 1026 758 1114 aequiparatunun
781 1048 852 1092 csse
875 1025 969 1092 talem
993 1026 1104 1105 vinun,
1125 1026 1224 1112 qrmlis
1247 1035 1315 1092 erat

155 1133 263 1200 Sulla?
307 1132 474 1199 Sallustius
503 1132 571 1220 ipse
601 1155 671 1198 cum
700 1132 762 1198 illis
790 1132 983 1220 temporibus
1006 1130 1192 1198 nebulonem
1218 1132 1314 1200 luisse

156 1241 262 1320 refert,
285 1247 318 1304 et
339 1237 372 1304 id
395 1261 452 1305 suo
474 1241 554 1322 iure,
575 1261 647 1304 curn
669 1248 743 1328 post
765 1248 815 1305 tot
837 1241 961 1326 rapinas
982 1238 1077 1304 bomo
1100 1239 1315 1327 rapacissimus

156 1348 251 1413 etiam
278 1367 349 1412 aere
378 1346 479 1412 alieno
505 1345 636 1411 obmtus
666 1354 758 1412 esset
804 1344 838 1413 Si
869 1368 980 1412 revera
1002 1345 1140 1412 Catilina
1166 1345 1226 1411 iam
1250 1355 1315 1411 turn

156 1475 309 1520 surumam
333 1453 502 1540 potentiam
525 1452 706 1539 petivisset,
733 1451 780 1518 M.
804 1451 954 1519 Crassum
976 1452 1115 1518 imitatus
1138 1461 1235 1535 esset,
1262 1452 1315 1540 qni

157 1561 203 1626 eis
231 1559 309 1647 ipsis
336 1559 527 1648 temporibus
550 1557 769 1647 comportabat
791 1567 908 1625 tantam
931 1560 1110 1647 pccrrniom,
1132 1568 1167 1625 ut
1188 1559 1316 1627 Caesari

157 1667 212 1730 din
227 1689 285 1754 par
300 1664 471 1746 videretur5
486 1664 542 1732 sed
559 1665 666 1754 procul
677 1665 786 1732 aberat
800 1666 839 1732 ab
855 1665 909 1732 illa
924 1667 1120 1754 reipublicae
1135 1667 1318 1753 eupiurrdoe

159 1772 315 1856 lubidine,
338 1795 430 1860 quum
453 1773 481 1839 ei
504 1772 637 1839 infuisse
661 1771 828 1840 Sallustius
851 1772 994 1839 allinunt.
1039 1770 1136 1852 Quod
1158 1782 1318 1861 pinoteres

159 1887 278 1960 narrat,
301 1876 467 1946 Catilinam
496 1879 625 1946 alteram
655 1880 832 1968 rapiuaurm
860 1888 995 1947 ocmtem
1025 1877 1128 1946 denuc
1156 1879 1318 1946 instituere

159 1984 328 2068 studuisse,
342 1986 403 2052 lroc
417 1984 565 2053 credibile
581 1987 616 2052 tlt
632 1987 736 2054 verbis
760 1993 798 2053 ut
821 1987 1005 2054 tollentibus
1026 1987 1098 2052 suis
1121 1986 1216 2052 rebus
1237 1977 1315 2052 rub'-

162 2094 300 2172 reniret·
332 2115 433 2180 neque
459 2116 533 2160 vero
556 2093 709 2160 Catilinae
733 2094 863 2182 penuria
887 2103 950 2160 tam
973 2093 1080 2182 ignota
1101 2101 1181 2176 erut,
1203 2100 1239 2158 ut
1259 2092 1319 2158 boe

160 2210 376 2286 argumentum
409 2199 565 2266 historicis
599 2223 638 2267 ex
673 2200 815 2268 lontibus
849 2211 982 2267 tractum
1017 2199 1168 2268 videatur.
1222 2197 1319 2281 Quod

160 2315 264 2372 autem
288 2307 369 2372 analo
390 2307 580 2374 conscientia
601 2307 753 2394 agitatum
776 2306 920 2397 Sergimn
942 2306 983 2374 od
1006 2307 1108 2374 scelus
1130 2329 1165 2374 se
1188 2307 1319 2374 vertisse

160 2423 276 2494 censet,
298 2412 359 2478 luie
381 2413 578 2480 referendum
607 2423 658 2480 est
679 2413 719 2480 ad
741 2414 828 2480 illam
849 2415 1044 2504 opinionem,
1065 2414 1170 2482 onmia
1190 2437 1230 2481 ex
1252 2415 1320 2500 eius

162 2521 286 2606 iugenio
308 2518 478 2586 derivanda
502 2543 589 2602 esse;
611 2521 755 2588 similiter
777 2521 962 2610 saepissime
978 2519 1145 2588 Sallustius
1167 2543 1217 2589 res
1239 2520 1320 2588 dilli-
1343 2545 1348 2554 ·

161 2627 238 2692 elles
268 2636 355 2692 ructu
377 2627 470 2694 animi
495 2638 528 2694 ot
548 2628 759 2696 conscientiae
782 2629 979 2717 interpretari
1003 2626 1153 2712 studot')
1197 2627 1321 2694 Revera
1372 2715 1374 2722 Ι

162 2741 265 2798 urrtem
298 2732 434 2800 Romani
462 2734 549 2828 illius
580 2735 693 2802 aetatis
727 2744 761 2802 et
794 2735 946 2823 imprimis
978 2734 1114 2802 Catilina
1145 2733 1255 2801 mediis
1289 2735 1320 2801 in

162 2838 332 2906 sceleribus
369 2841 447 2907 mira
477 2841 687 2908 eonscientiae
721 2841 947 2930 tranquillitate
974 2851 1071 2907 erant
1095 2881 1136 2891 —
1165 2839 1205 2907 Id
1236 2839 1322 2929 quod

161 2947 254 3012 tertio
282 2947 352 3013 loco
381 2946 524 3035 Sergium
558 2947 598 3015 nd
627 2949 851 3037 rempublicam
885 2947 1087 3015 evertendam
1116 2949 1322 3016 commovisse

161 3052 289 3135 dicitur,
312 3056 394 3120 rrrrrli
412 3076 514 3122 ratores
531 3062 703 3143 corrrrptoc
725 3056 884 3139 deitatis,
908 3057 976 3122 sine
999 3054 1095 3123 dubio
1118 3055 1321 3122 coniurationi

162 3159 378 3228 felicissimum
400 3160 523 3244 accidit,
544 3185 646 3250 neilus
669 3185 745 3229 vero
769 3163 846 3230 satis
868 3173 976 3250 patere
993 3162 1126 3244 videtur,
1141 3170 1244 3228 utrtrm
1261 3162 1344 3246 ille‚·

162 3267 216 3353 qui
250 3269 318 3354 ipse
353 3269 488 3334 omnimu
521 3267 752 3358 perditissimus
784 3278 865 3354 emt,
904 3270 972 3336 eius
999 3269 1207 3358 corruptionis
1244 3269 1323 3336 scite

163 3375 314 3440 rationem
337 3374 488 3458 babuerit,
511 3397 549 3442 an
573 3397 665 3442 casus
689 3399 760 3442 eum
783 3397 854 3442 cam
876 3377 984 3464 prucis
999 3375 1177 3443 bominibus
1196 3376 1324 3442 coniun-

164 3481 252 3546 xerit
298 3481 396 3570 Apud
422 3481 607 3550 Ciceronem
634 3481 858 3572 cupiditatibus
887 3482 1163 3572 voluptatibusque
1189 3482 1324 3551 Catilina

165 3607 292 3675 prorsus
315 3589 432 3676 agitur;
454 3588 621 3656 Sallustius
643 3612 713 3656 curn
737 3590 838 3656 virum
861 3612 954 3656 suum
969 3589 1177 3658 inlustriorem
1189 3588 1324 3662 ,reddere

164 3695 284 3784 cupiat,
310 3700 381 3761 curia
408 3695 580 3783 imperandi
608 3696 756 3785 cupidine
780 3695 1007 3763 instinmlatum
1035 3719 1106 3764 esre
1127 3695 1218 3778 dieit;
1244 3719 1324 3785 quae
1353 3737 1354 3742 κ

165 3800 376 3890 praeiudicata
399 3802 505 3890 opinio
526 3825 584 3890 per
605 3812 706 3869 toturn
729 3803 843 3870 librum
867 3805 970 3870 varias
990 3805 1108 3870 auctori
1123 3803 1325 3871 difficultates

165 3908 318 3996 praebuit
342 3948 382 3958 -
406 3907 459 3976 Sie
482 3909 571 3976 initio
593 3909 705 3998 capitis

275 4019 315 4082 14
352 4015 504 4106 'seriptum
543 4015 702 4099 ridemus,
746 4015 914 4085 Catilinam
966 4017 1060 4105 paulo
1103 4026 1178 4105 post
1220 4015 1325 4084 Sullam

167 4120 412 4188 dominationem
431 4161 472 4172 -
492 4145 562 4188 nam
594 4145 691 4210 usquc
719 4122 759 4189 ad
792 4122 823 4188 id
847 4133 971 4212 tempus
994 4121 1160 4190 Sallustius
1183 4121 1326 4212 Ser-glum

166 4227 270 4314 eapite
287 4232 306 4294 5
323 4240 509 4317 prosecutus
524 4240 592 4296 crat
610 4269 651 4280 -
668 4230 811 4297 consulte
826 4239 859 4296 et
872 4229 1069 4298 considerate
1083 4229 1326 4319 cormptelaurm

275 4461 298 4528 *t
319 4459 392 4515 llum
409 4461 509 4516 imbuit
531 4460 793 4534 „purchologireheu
813 4460 1055 4532 Pnrgumtismus‘t

1135 4567 1169 4623 1·
