3300 5128
258 1499 296 1567 O.
324 1499 466 1566 Sallustii
498 1498 604 1586 Crispi
635 1496 677 1564 de
706 1497 921 1563 coniuratione
945 1496 1101 1564 Catilinae
1133 1497 1229 1578 liber,
1256 1519 1328 1562 cunr

150 1608 307 1694 gravitate
337 1607 503 1687 materiae,
533 1615 599 1670 trrm
631 1603 800 1692 splendore
829 1603 978 1670 dictionis
1006 1604 1154 1692 insignis,
1182 1603 1328 1670 omuibus

152 1712 348 1800 temporibus
371 1733 527 1777 summam
558 1721 589 1777 et
614 1711 761 1800 scriptori
783 1709 908 1776 laudam
932 1719 966 1776 et
993 1711 1110 1797 legenti
1134 1709 1328 1798 voluptatem

151 1817 355 1906 compararit
415 1819 524 1906 Atque
554 1817 697 1884 Sallustii
730 1817 808 1884 fides
843 1817 942 1883 multa
972 1839 1030 1906 per
1059 1817 1184 1884 saecula
1211 1818 1327 1884 uemiui

151 1924 249 1990 aubia
279 1925 341 1990 iam
372 1925 403 1990 in
428 1924 678 1990 controversiam
703 1924 808 1991 vocari
831 1933 945 2013 coepta
972 1933 1036 2006 cst,
1065 1947 1136 1990 cum
1166 1946 1229 1991 non
1259 1947 1329 1990 raro

151 2031 192 2096 ab
214 2031 285 2096 aliis
301 2029 444 2097 eiusdem
468 2031 513 2096 rei
537 2029 910 2120 auctoribus'discrepet;
933 2052 1036 2118 neque
1059 2053 1136 2097 vero
1152 2029 1330 2112 defirerunt,

152 2139 205 2224 qui
229 2161 301 2203 eum
325 2135 497 2204 defendere
514 2135 690 2204 studerent.
712 2136 794 2212 ¹Sed
817 2147 851 2203 et
873 2136 1125 2204 adversariorum
1149 2147 1183 2204 et
1196 2136 1330 2204 admiro-

151 2254 255 2309 torrmr
284 2243 450 2330 diligentia
485 2245 517 2309 in
548 2245 596 2311 eis
619 2244 821 2332 potissimum
850 2244 946 2310 rebus
976 2244 1174 2333 explicandis
1204 2242 1331 2311 videtur

151 2359 340 2438 cousumpta
368 2373 455 2432 esse,
484 2373 564 2438 quas
595 2351 648 2416 alii
680 2352 725 2416 illi
754 2359 900 2417 auctores
931 2349 1022 2416 aliter
1044 2359 1139 2438 atrpue
1161 2350 1330 2419 Sallustius

152 2457 355 2538 rettulerunt,
383 2459 599 2523 continentem
630 2467 736 2524 autem
764 2460 862 2524 totius
891 2458 963 2524 libri
987 2456 1260 2542 diiudicationem,
1288 2481 1329 2524 cx

151 2586 214 2650 «pra
237 2564 304 2629 sola
320 2585 512 2650 cognoscere
528 2587 708 2652 possamus,
731 2574 835 2629 utrum
852 2567 988 2652 scriptor
1010 2564 1042 2631 iu
1065 2565 1147 2632 libro
1162 2563 1329 2633 scribendo

152 2693 192 2736 cx
215 2674 416 2758 antiquorum
437 2670 590 2736 librorum
614 2671 702 2737 fonte
724 2671 879 2754 hauserit,
901 2670 1054 2738 babemus
1076 2671 1203 2739 nullam.
1248 2671 1330 2738 Nam

152 2799 232 2864 quac
261 2775 444 2844 Ibidericus
474 2777 563 2844 Baur
594 2781 627 2844 in
663 2779 742 2844 actis
772 2777 936 2844 doctarum
967 2779 1055 2866 regui
1086 2779 1331 2867 Wurtcmbergii

153 2882 365 2968 scholarum
380 2882 565 2950 doctissimo
579 2885 739 2973 exposuit,
755 2884 833 2951 baec
847 2884 887 2950 ad
900 2884 1135 2952 defendendum
1148 2885 1331 2953 Sallustium

153 2992 270 3078 scripta
293 3012 364 3056 esse
388 2993 457 3078 ipse
480 2991 661 3078 prolitetrrr3
684 2991 829 3078 quaestio
851 3001 957 3058 autem
980 2994 1067 3074 „sinc
1089 2992 1135 3067 ira
1154 3015 1191 3059 ac
1206 2991 1333 3060 studio“

153 3095 350 3162 instituenda
373 3105 449 3178 erat,
472 3099 500 3163 si
525 3120 637 3163 verum
660 3096 810 3185 indagare
833 3097 991 3165 studebat.
1024 3098 1122 3166 Omni
1146 3099 1197 3166 vel
1221 3098 1332 3167 deien-

153 3200 249 3268 dendi
272 3203 325 3269 rel
348 3202 551 3291 vituperandi
574 3225 651 3270 curs
674 3227 724 3270 res
747 3203 911 3272 obscurior
933 3207 976 3286 fo,
999 3229 1062 3272 non
1078 3204 1205 3288 clarior;
1227 3208 1333 3294 itnquc'

154 3318 189 3374 ut
211 3318 295 3375 recte
312 3307 487 3392 videamus,
510 3333 592 3398 quae
615 3312 658 3376 sit
681 3312 761 3377 ratio
784 3312 957 3400 scriptoris,
979 3335 1103 3379 omnem
1127 3313 1241 3379 librum
1264 3313 1332 3380 sinc

153 3415 217 3480 ulla
239 3415 509 3503 praeiudicatione
527 3439 711 3505 percurrere
733 3427 868 3506 oportet.

262 3527 381 3591 1-13.
427 3525 478 3590 Ac
499 3526 611 3612 primis
627 3524 779 3591 tredecim
795 3526 953 3614 capitibus
976 3525 1016 3592 de
1038 3527 1195 3594 communi
1211 3548 1332 3594 mamm

154 3631 354 3718 corruptione
383 3639 514 3716 questus
538 3629 709 3698 Sallustius
739 3630 780 3698 de
812 3632 1029 3700 coniuratione
1059 3634 1130 3722 ipss
1158 3633 1236 3700 nibil
1264 3633 1332 3700 fers

154 3745 273 3818 narrat,
305 3745 525 3824 praeterquam
559 3737 646 3825 quod
676 3741 781 3826 capite
813 3739 925 3826 quinto
957 3738 999 3806 dc
1030 3739 1168 3807 Catilina
1200 3739 1333 3830 paucula

155 3843 256 3908 allart-
286 3841 400 3928 Neque
424 3865 500 3909 vero
523 3866 605 3930 quae
628 3843 690 3912 hoc
713 3845 784 3912 loeo
807 3844 847 3912 dc
869 3846 1011 3914 moribus
1034 3855 1067 3913 ct
1089 3849 1216 3936 ingenio
1230 3846 1332 3935 Sergii
1453 3834 1456 3840 ⁵

156 3948 273 4035 scripta
288 3957 372 4028 sunt,
396 3971 508 4036 magna
528 3972 600 4015 cum
616 3949 781 4039 diligentia
796 3953 972 4041 composita
990 3953 1148 4036 videntur,
1170 3977 1242 4020 eum
1264 3961 1332 4020 toa

155 4053 226 4118 libri
251 4051 445 4120 introductio
468 4077 555 4121 more
579 4057 769 4145 scriptorum
796 4061 912 4125 cmsim
942 4061 1060 4150 scripta
1088 4063 1145 4144 sit;
1171 4069 1334 4149 praeterea

156 4159 236 4223 iosra
260 4158 450 4243 videbimus,
472 4185 598 4229 ornnem
622 4162 778 4233 Catilinae
801 4165 939 4233 indolem
962 4189 982 4233 a
1004 4167 1154 4250 Sallustio
1176 4168 1220 4234 ile
1242 4167 1333 4234 insti·

155 4271 254 4330 totam
279 4287 360 4349 esse,
388 4279 424 4334 ut
446 4270 548 4336 omnis
571 4271 748 4338 coniuratio
771 4272 845 4339 inde
867 4271 1005 4340 derivari
1027 4275 1139 4362 possit.
1183 4273 1332 4340 Fortasse

180 4553 183 4560 Ι
264 4481 288 4548 q')
309 4479 470 4552 l‘rogramm
489 4481 540 4537 der
559 4483 786 4557 ll'drtemberger
803 4485 1068 4542 (lelebrtenscbulou
1091 4488 1238 4544 rotas-70.
