<?xml version="1.0" encoding="UTF-8"?>
<!DOCTYPE html PUBLIC "-//W3C//DTD XHTML 1.0 Transitional//EN"
    "http://www.w3.org/TR/xhtml1/DTD/xhtml1-transitional.dtd">
<html xmlns="http://www.w3.org/1999/xhtml" xml:lang="en" lang="en">
 <head>
  <title>
</title>
<meta http-equiv="Content-Type" content="text/html;charset=utf-8" />
  <meta name='ocr-system' content='tesseract 3.04.00' />
  <meta name='ocr-capabilities' content='ocr_page ocr_carea ocr_par ocr_line ocrx_word'/>
</head>
<body>
  <div class='ocr_page' id='page_1' title='image "./deconiurationec00bessgoog/deconiurationec00bessgoog_0078.png"; bbox 0 0 3274 5032; ppageno 0'>
   <div class='ocr_carea' id='block_1_1' title="bbox 408 733 1598 1161">
    <p class='ocr_par' dir='ltr' id='par_1_1' title="bbox 408 733 1598 1161">
     <span class='ocr_line' id='line_1_1' title="bbox 409 733 1541 813; baseline 0 -17"><span class='ocrx_word' id='word_1_1' title='bbox 409 733 541 812; x_wconf 87' lang='lat' dir='ltr'>undique</span> <span class='ocrx_word' id='word_1_2' title='bbox 566 734 612 797; x_wconf 87' lang='lat' dir='ltr'>sui</span> <span class='ocrx_word' id='word_1_3' title='bbox 636 737 771 813; x_wconf 80' lang='lat' dir='ltr'>perfecte</span> <span class='ocrx_word' id='word_1_4' title='bbox 794 736 943 807; x_wconf 83' lang='lat' dir='ltr'>absoluta,</span> <span class='ocrx_word' id='word_1_5' title='bbox 967 745 1003 798; x_wconf 88' lang='lat' dir='ltr'>ut</span> <span class='ocrx_word' id='word_1_6' title='bbox 1025 738 1056 796; x_wconf 91' lang='lat' dir='ltr'>in</span> <span class='ocrx_word' id='word_1_7' title='bbox 1074 737 1129 797; x_wconf 91' lang='lat' dir='ltr'>illa</span> <span class='ocrx_word' id='word_1_8' title='bbox 1147 752 1243 811; x_wconf 87' lang='lat' dir='ltr'>neque</span> <span class='ocrx_word' id='word_1_9' title='bbox 1263 735 1340 798; x_wconf 85' lang='lat' dir='ltr'>Cato</span> <span class='ocrx_word' id='word_1_10' title='bbox 1359 735 1541 811; x_wconf 81' lang='lat' dir='ltr'>gravitatem</span> 
     </span>
     <span class='ocr_line' id='line_1_2' title="bbox 408 817 1514 900; baseline 0.001 -16"><span class='ocrx_word' id='word_1_11' title='bbox 408 825 546 900; x_wconf 81' lang='lat' dir='ltr'>reqtuirat</span> <span class='ocrx_word' id='word_1_12' title='bbox 562 870 571 884; x_wconf 89' lang='lat'>.</span> <span class='ocrx_word' id='word_1_13' title='bbox 590 871 598 884; x_wconf 93' lang='lat'>.</span> <span class='ocrx_word' id='word_1_14' title='bbox 618 871 625 886; x_wconf 93' lang='lat'>.</span> <span class='ocrx_word' id='word_1_15' title='bbox 645 842 701 884; x_wconf 89' lang='lat' dir='ltr'>nec</span> <span class='ocrx_word' id='word_1_16' title='bbox 718 817 930 899; x_wconf 71' lang='lat' dir='ltr'>parsimoniam</span> <span class='ocrx_word' id='word_1_17' title='bbox 950 825 1125 886; x_wconf 73' lang='lat' dir='ltr'><strong>Sallustius.</strong></span> <span class='ocrx_word' id='word_1_18' title='bbox 1512 817 1514 822; x_wconf 71' lang='grc'><strong>’</strong></span> 
     </span>
     <span class='ocr_line' id='line_1_3' title="bbox 481 912 1549 988; baseline -0.002 -16"><span class='ocrx_word' id='word_1_19' title='bbox 481 912 635 988; x_wconf 89' lang='lat' dir='ltr'>Spartian.</span> <span class='ocrx_word' id='word_1_20' title='bbox 655 913 805 972; x_wconf 86' lang='lat' dir='ltr'>Hadrian.</span> <span class='ocrx_word' id='word_1_21' title='bbox 827 914 860 973; x_wconf 79' lang='lat' dir='ltr'>te</span> <span class='ocrx_word' id='word_1_22' title='bbox 880 914 998 988; x_wconf 84' lang='lat' dir='ltr'>(script</span> <span class='ocrx_word' id='word_1_23' title='bbox 1026 913 1096 974; x_wconf 79' lang='lat' dir='ltr'>nist</span> <span class='ocrx_word' id='word_1_24' title='bbox 1120 913 1282 985; x_wconf 76' lang='lat' dir='ltr'>Augustae</span> <span class='ocrx_word' id='word_1_25' title='bbox 1305 913 1351 972; x_wconf 90' lang='lat' dir='ltr'>ed.</span> <span class='ocrx_word' id='word_1_26' title='bbox 1369 912 1488 972; x_wconf 88' lang='lat' dir='ltr'>Jordan</span> <span class='ocrx_word' id='word_1_27' title='bbox 1511 913 1549 971; x_wconf 88' lang='lat' dir='ltr'>et&#39;</span> 
     </span>
     <span class='ocr_line' id='line_1_4' title="bbox 408 999 1598 1074; baseline 0 -16"><span class='ocrx_word' id='word_1_28' title='bbox 408 999 651 1074; x_wconf 76' lang='lat' dir='ltr'>Eyssenhardt):</span> <span class='ocrx_word' id='word_1_29' title='bbox 680 1000 856 1059; x_wconf 86' lang='lat' dir='ltr'>Hadrianus</span> <span class='ocrx_word' id='word_1_30' title='bbox 885 1045 892 1060; x_wconf 97' lang='lat'>.</span> <span class='ocrx_word' id='word_1_31' title='bbox 917 1045 924 1060; x_wconf 92' lang='lat'>.</span> <span class='ocrx_word' id='word_1_32' title='bbox 945 1046 952 1060; x_wconf 91' lang='lat'>.</span> <span class='ocrx_word' id='word_1_33' title='bbox 972 999 1085 1059; x_wconf 81' lang='lat' dir='ltr'>amovit</span> <span class='ocrx_word' id='word_1_34' title='bbox 1112 1015 1208 1074; x_wconf 78' lang='lat' dir='ltr'>genus</span> <span class='ocrx_word' id='word_1_35' title='bbox 1236 1007 1387 1059; x_wconf 80' lang='lat' dir='ltr'>vetustum</span> <span class='ocrx_word' id='word_1_36' title='bbox 1416 999 1541 1059; x_wconf 90' lang='lat' dir='ltr'>dicendi.</span> <span class='ocrx_word' id='word_1_37' title='bbox 1583 1002 1598 1042; x_wconf 46' lang='grc' dir='ltr'>ι’</span> 
     </span>
     <span class='ocr_line' id='line_1_5' title="bbox 408 1081 1542 1161; baseline -0.002 -13"><span class='ocrx_word' id='word_1_38' title='bbox 408 1088 548 1148; x_wconf 78' lang='lat' dir='ltr'>Ciceroni</span> <span class='ocrx_word' id='word_1_39' title='bbox 567 1089 723 1157; x_wconf 85' lang='lat' dir='ltr'>Catonem,</span> <span class='ocrx_word' id='word_1_40' title='bbox 744 1088 882 1161; x_wconf 78' lang='lat' dir='ltr'>Vergilio</span> <span class='ocrx_word' id='word_1_41' title='bbox 901 1087 1040 1160; x_wconf 85' lang='lat' dir='ltr'>Ennimn,</span> <span class='ocrx_word' id='word_1_42' title='bbox 1064 1086 1211 1146; x_wconf 85' lang='lat' dir='ltr'>Sallustio</span> <span class='ocrx_word' id='word_1_43' title='bbox 1231 1081 1365 1146; x_wconf 85' lang='lat' dir='ltr'>Coelium</span> <span class='ocrx_word' id='word_1_44' title='bbox 1389 1087 1542 1161; x_wconf 88' lang='lat' dir='ltr'>praetulit.</span> 
     </span>
    </p>
   </div>
   <div class='ocr_carea' id='block_1_2' title="bbox 1616 897 1624 934">
    <p class='ocr_par' dir='ltr' id='par_1_2' title="bbox 1616 897 1624 934">
     <span class='ocr_line' id='line_1_6' title="bbox 1616 897 1624 934; baseline 0 0"><span class='ocrx_word' id='word_1_45' title='bbox 1616 897 1624 934; x_wconf 80' lang='lat' dir='ltr'>l</span> 
     </span>
    </p>
   </div>
   <div class='ocr_carea' id='block_1_3' title="bbox 316 1174 1603 4316">
    <p class='ocr_par' dir='ltr' id='par_1_3' title="bbox 408 1174 1543 1512">
     <span class='ocr_line' id='line_1_7' title="bbox 482 1174 1542 1248; baseline -0.003 -12"><span class='ocrx_word' id='word_1_46' title='bbox 482 1208 514 1218; x_wconf 90' lang='lat'>—</span> <span class='ocrx_word' id='word_1_47' title='bbox 534 1177 638 1236; x_wconf 79' lang='lat' dir='ltr'>Seuer.</span> <span class='ocrx_word' id='word_1_48' title='bbox 651 1175 699 1234; x_wconf 79' lang='lat'>21:</span> <span class='ocrx_word' id='word_1_49' title='bbox 728 1175 777 1234; x_wconf 90' lang='lat' dir='ltr'>hic</span> <span class='ocrx_word' id='word_1_50' title='bbox 797 1175 871 1233; x_wconf 90' lang='lat' dir='ltr'>nihil</span> <span class='ocrx_word' id='word_1_51' title='bbox 883 1175 1045 1234; x_wconf 88' lang='lat' dir='ltr'>liberorum</span> <span class='ocrx_word' id='word_1_52' title='bbox 1057 1175 1190 1248; x_wconf 85' lang='lat' dir='ltr'>reliquit.</span> <span class='ocrx_word' id='word_1_53' title='bbox 1210 1219 1217 1234; x_wconf 92' lang='lat'>.</span> <span class='ocrx_word' id='word_1_54' title='bbox 1237 1219 1244 1233; x_wconf 92' lang='lat'>.</span> <span class='ocrx_word' id='word_1_55' title='bbox 1264 1219 1270 1234; x_wconf 94' lang='lat'>.</span> <span class='ocrx_word' id='word_1_56' title='bbox 1290 1175 1361 1234; x_wconf 83' lang='lat' dir='ltr'>Jam</span> <span class='ocrx_word' id='word_1_57' title='bbox 1381 1189 1452 1232; x_wconf 80' lang='lat' dir='ltr'>uero</span> <span class='ocrx_word' id='word_1_58' title='bbox 1472 1174 1542 1246; x_wconf 89' lang='lat' dir='ltr'>quid</span> 
     </span>
     <span class='ocr_line' id='line_1_8' title="bbox 408 1259 1543 1336; baseline -0.002 -14"><span class='ocrx_word' id='word_1_59' title='bbox 408 1265 444 1322; x_wconf 94' lang='lat' dir='ltr'>de</span> <span class='ocrx_word' id='word_1_60' title='bbox 463 1263 606 1330; x_wconf 84' lang='lat' dir='ltr'>Homero.</span> <span class='ocrx_word' id='word_1_61' title='bbox 634 1263 849 1334; x_wconf 82' lang='lat' dir='ltr'>Demosthene,</span> <span class='ocrx_word' id='word_1_62' title='bbox 877 1261 1026 1336; x_wconf 82' lang='lat' dir='ltr'>Vergilio,</span> <span class='ocrx_word' id='word_1_63' title='bbox 1056 1261 1165 1336; x_wconf 84' lang='lat' dir='ltr'>Crispo</span> <span class='ocrx_word' id='word_1_64' title='bbox 1185 1307 1192 1322; x_wconf 92' lang='lat'>.</span> <span class='ocrx_word' id='word_1_65' title='bbox 1211 1307 1218 1322; x_wconf 92' lang='lat'>.</span> <span class='ocrx_word' id='word_1_66' title='bbox 1239 1307 1246 1322; x_wconf 92' lang='lat'>.</span> <span class='ocrx_word' id='word_1_67' title='bbox 1265 1259 1392 1335; x_wconf 79' lang='lat' dir='ltr'>loquar?</span> <span class='ocrx_word' id='word_1_68' title='bbox 1411 1307 1419 1320; x_wconf 90' lang='lat'>.</span> <span class='ocrx_word' id='word_1_69' title='bbox 1439 1306 1446 1321; x_wconf 90' lang='lat'>.</span> <span class='ocrx_word' id='word_1_70' title='bbox 1465 1307 1472 1321; x_wconf 96' lang='lat'>.</span> <span class='ocrx_word' id='word_1_71' title='bbox 1492 1262 1543 1334; x_wconf 91' lang='lat' dir='ltr'>qui</span> 
     </span>
     <span class='ocr_line' id='line_1_9' title="bbox 411 1349 1542 1425; baseline -0.002 -15"><span class='ocrx_word' id='word_1_72' title='bbox 411 1353 527 1425; x_wconf 82' lang='lat' dir='ltr'>quidem</span> <span class='ocrx_word' id='word_1_73' title='bbox 547 1352 678 1411; x_wconf 82' lang='lat' dir='ltr'>diuinam</span> <span class='ocrx_word' id='word_1_74' title='bbox 698 1349 838 1409; x_wconf 88' lang='lat' dir='ltr'>Sallustii</span> <span class='ocrx_word' id='word_1_75' title='bbox 861 1349 1036 1421; x_wconf 89' lang='lat' dir='ltr'>orationem,</span> <span class='ocrx_word' id='word_1_76' title='bbox 1060 1364 1120 1422; x_wconf 89' lang='lat' dir='ltr'>qua</span> <span class='ocrx_word' id='word_1_77' title='bbox 1138 1349 1264 1424; x_wconf 83' lang='lat' dir='ltr'>Micipsa</span> <span class='ocrx_word' id='word_1_78' title='bbox 1282 1349 1360 1407; x_wconf 89' lang='lat' dir='ltr'>tilios</span> <span class='ocrx_word' id='word_1_79' title='bbox 1383 1349 1421 1408; x_wconf 86' lang='lat' dir='ltr'>ad</span> <span class='ocrx_word' id='word_1_80' title='bbox 1439 1365 1542 1423; x_wconf 91' lang='lat' dir='ltr'>pacem</span> 
     </span>
     <span class='ocr_line' id='line_1_10' title="bbox 409 1437 1362 1512; baseline -0.002 -14"><span class='ocrx_word' id='word_1_81' title='bbox 409 1439 560 1512; x_wconf 74' lang='lat' dir='ltr'>hortatur,</span> <span class='ocrx_word' id='word_1_82' title='bbox 579 1440 761 1512; x_wconf 77' lang='lat' dir='ltr'>ingravatus</span> <span class='ocrx_word' id='word_1_83' title='bbox 780 1438 882 1496; x_wconf 86' lang='lat' dir='ltr'>morbo</span> <span class='ocrx_word' id='word_1_84' title='bbox 901 1437 1019 1497; x_wconf 90' lang='lat' dir='ltr'>misisse</span> <span class='ocrx_word' id='word_1_85' title='bbox 1038 1437 1099 1496; x_wconf 92' lang='lat' dir='ltr'>tilio</span> <span class='ocrx_word' id='word_1_86' title='bbox 1118 1437 1230 1497; x_wconf 89' lang='lat' dir='ltr'>dicitur</span> <span class='ocrx_word' id='word_1_87' title='bbox 1247 1437 1362 1496; x_wconf 90' lang='lat' dir='ltr'>maiori.</span> 
     </span>
    </p>

    <p class='ocr_par' dir='ltr' id='par_1_4' title="bbox 408 1515 1603 1779">
     <span class='ocr_line' id='line_1_11' title="bbox 484 1515 1603 1602; baseline -0.002 -16"><span class='ocrx_word' id='word_1_88' title='bbox 484 1559 520 1570; x_wconf 92' lang='lat'>—-</span> <span class='ocrx_word' id='word_1_89' title='bbox 540 1525 703 1602; x_wconf 85' lang='lat' dir='ltr'>Capitolia.</span> <span class='ocrx_word' id='word_1_90' title='bbox 723 1524 843 1584; x_wconf 86' lang='lat' dir='ltr'>llaxim.</span> <span class='ocrx_word' id='word_1_91' title='bbox 863 1532 895 1583; x_wconf 90' lang='lat' dir='ltr'>et</span> <span class='ocrx_word' id='word_1_92' title='bbox 913 1525 1033 1583; x_wconf 84' lang='lat' dir='ltr'>Balbin.</span> <span class='ocrx_word' id='word_1_93' title='bbox 1052 1525 1083 1583; x_wconf 84' lang='lat'>7:</span> <span class='ocrx_word' id='word_1_94' title='bbox 1102 1525 1241 1598; x_wconf 89' lang='lat' dir='ltr'>Denique</span> <span class='ocrx_word' id='word_1_95' title='bbox 1269 1541 1327 1584; x_wconf 92' lang='lat' dir='ltr'>non</span> <span class='ocrx_word' id='word_1_96' title='bbox 1355 1525 1430 1584; x_wconf 83' lang='lat' dir='ltr'>ruulh</span> <span class='ocrx_word' id='word_1_97' title='bbox 1457 1540 1542 1599; x_wconf 88' lang='lat' dir='ltr'>quem</span> <span class='ocrx_word' id='word_1_98' title='bbox 1600 1515 1603 1598; x_wconf 34' lang='grc' dir='ltr'>ᾗ</span> 
     </span>
     <span class='ocr_line' id='line_1_12' title="bbox 408 1610 1543 1686; baseline 0.001 -15"><span class='ocrx_word' id='word_1_99' title='bbox 408 1613 446 1672; x_wconf 89' lang='lat' dir='ltr'>ad</span> <span class='ocrx_word' id='word_1_100' title='bbox 476 1616 592 1673; x_wconf 93' lang='lat' dir='ltr'>modum</span> <span class='ocrx_word' id='word_1_101' title='bbox 621 1613 769 1672; x_wconf 91' lang='lat' dir='ltr'>Catonem</span> <span class='ocrx_word' id='word_1_102' title='bbox 797 1618 827 1670; x_wconf 89' lang='lat' dir='ltr'>et</span> <span class='ocrx_word' id='word_1_103' title='bbox 857 1611 1020 1672; x_wconf 85' lang='lat' dir='ltr'>Caesarem</span> <span class='ocrx_word' id='word_1_104' title='bbox 1040 1610 1205 1671; x_wconf 86' lang='lat' dir='ltr'>Sallustius</span> <span class='ocrx_word' id='word_1_105' title='bbox 1234 1619 1390 1686; x_wconf 87' lang='lat' dir='ltr'>comparat</span> <span class='ocrx_word' id='word_1_106' title='bbox 1416 1613 1462 1672; x_wconf 88' lang='lat' dir='ltr'>ita</span> <span class='ocrx_word' id='word_1_107' title='bbox 1487 1612 1543 1672; x_wconf 90' lang='lat' dir='ltr'>hos</span> 
     </span>
     <span class='ocr_line' id='line_1_13' title="bbox 409 1699 1126 1779; baseline -0.003 -20"><span class='ocrx_word' id='word_1_108' title='bbox 409 1718 526 1775; x_wconf 79' lang='lat' dir='ltr'>quiaque</span> <span class='ocrx_word' id='word_1_109' title='bbox 545 1699 762 1775; x_wconf 85' lang='lat' dir='ltr'>comparandos</span> <span class='ocrx_word' id='word_1_110' title='bbox 781 1704 936 1779; x_wconf 82' lang='lat' dir='ltr'>putarant.</span> <span class='ocrx_word' id='word_1_111' title='bbox 1124 1699 1126 1704; x_wconf 81' lang='grc'>’</span> 
     </span>
    </p>

    <p class='ocr_par' dir='ltr' id='par_1_5' title="bbox 407 1785 1574 2130">
     <span class='ocr_line' id='line_1_14' title="bbox 480 1785 1543 1866; baseline -0.002 -16"><span class='ocrx_word' id='word_1_112' title='bbox 480 1788 602 1862; x_wconf 85' lang='lat' dir='ltr'>Vopiso.</span> <span class='ocrx_word' id='word_1_113' title='bbox 621 1786 781 1848; x_wconf 80' lang='lat' dir='ltr'>Aurelian.</span> <span class='ocrx_word' id='word_1_114' title='bbox 800 1785 832 1846; x_wconf 78' lang='lat'>¹2:</span> <span class='ocrx_word' id='word_1_115' title='bbox 860 1803 906 1844; x_wconf 88' lang='lat' dir='ltr'>ure</span> <span class='ocrx_word' id='word_1_116' title='bbox 929 1793 1037 1845; x_wconf 87' lang='lat' dir='ltr'>contra</span> <span class='ocrx_word' id='word_1_117' title='bbox 1056 1787 1175 1845; x_wconf 86' lang='lat' dir='ltr'>dicente</span> <span class='ocrx_word' id='word_1_118' title='bbox 1200 1787 1345 1846; x_wconf 90' lang='lat' dir='ltr'>nerninem</span> <span class='ocrx_word' id='word_1_119' title='bbox 1363 1789 1543 1866; x_wconf 86' lang='lat' dir='ltr'>scriptorum</span> 
     </span>
     <span class='ocr_line' id='line_1_15' title="bbox 408 1872 1542 1951; baseline 0.003 -18"><span class='ocrx_word' id='word_1_120' title='bbox 408 1883 552 1949; x_wconf 74' lang='lat' dir='ltr'>quassatum</span> <span class='ocrx_word' id='word_1_121' title='bbox 571 1876 610 1934; x_wconf 92' lang='lat' dir='ltr'>ad</span> <span class='ocrx_word' id='word_1_122' title='bbox 628 1874 787 1934; x_wconf 86' lang='lat' dir='ltr'>historiam</span> <span class='ocrx_word' id='word_1_123' title='bbox 809 1874 952 1948; x_wconf 88' lang='lat' dir='ltr'>pertinet,</span> <span class='ocrx_word' id='word_1_124' title='bbox 969 1891 1036 1948; x_wconf 22' lang='lat' dir='ltr'>,non</span> <span class='ocrx_word' id='word_1_125' title='bbox 1060 1872 1174 1947; x_wconf 89' lang='lat' dir='ltr'>aliquid</span> <span class='ocrx_word' id='word_1_126' title='bbox 1197 1891 1264 1933; x_wconf 91' lang='lat' dir='ltr'>esse</span> <span class='ocrx_word' id='word_1_127' title='bbox 1287 1877 1452 1946; x_wconf 88' lang='lat' dir='ltr'>mentitum,</span> <span class='ocrx_word' id='word_1_128' title='bbox 1475 1893 1542 1951; x_wconf 85' lang='lat' dir='ltr'>pro·</span> 
     </span>
     <span class='ocr_line' id='line_1_16' title="bbox 412 1959 1574 2037; baseline 0.001 -14"><span class='ocrx_word' id='word_1_129' title='bbox 412 1965 503 2023; x_wconf 89' lang='lat' dir='ltr'>dente</span> <span class='ocrx_word' id='word_1_130' title='bbox 523 1964 593 2037; x_wconf 87' lang='lat' dir='ltr'>quin</span> <span class='ocrx_word' id='word_1_131' title='bbox 613 1963 712 2035; x_wconf 88' lang='lat' dir='ltr'>etiam,</span> <span class='ocrx_word' id='word_1_132' title='bbox 731 1962 763 2020; x_wconf 91' lang='lat' dir='ltr'>in</span> <span class='ocrx_word' id='word_1_133' title='bbox 777 1978 834 2034; x_wconf 91' lang='lat' dir='ltr'>quo</span> <span class='ocrx_word' id='word_1_134' title='bbox 847 1961 963 2034; x_wconf 78' lang='lat' dir='ltr'>Livius,</span> <span class='ocrx_word' id='word_1_135' title='bbox 982 1963 1012 2019; x_wconf 95' lang='lat' dir='ltr'>in</span> <span class='ocrx_word' id='word_1_136' title='bbox 1033 1978 1090 2034; x_wconf 80' lang='lat' dir='ltr'>qum</span> <span class='ocrx_word' id='word_1_137' title='bbox 1111 1961 1275 2021; x_wconf 88' lang='lat' dir='ltr'>Sallustius</span> <span class='ocrx_word' id='word_1_138' title='bbox 1294 2008 1302 2022; x_wconf 92' lang='lat'>.</span> <span class='ocrx_word' id='word_1_139' title='bbox 1321 2009 1328 2022; x_wconf 94' lang='lat'>.</span> <span class='ocrx_word' id='word_1_140' title='bbox 1348 1961 1474 2024; x_wconf 77' lang='lat' dir='ltr'>Tacitus</span> <span class='ocrx_word' id='word_1_141' title='bbox 1492 2011 1499 2025; x_wconf 97' lang='lat'>.</span> <span class='ocrx_word' id='word_1_142' title='bbox 1514 2011 1542 2025; x_wconf 95' lang='lat'>..</span> <span class='ocrx_word' id='word_1_143' title='bbox 1571 1959 1574 1968; x_wconf 80' lang='lat'>&#39;</span> 
     </span>
     <span class='ocr_line' id='line_1_17' title="bbox 407 2049 1541 2130; baseline 0.004 -22"><span class='ocrx_word' id='word_1_144' title='bbox 407 2050 530 2124; x_wconf 78' lang='lat' dir='ltr'>Trogus</span> <span class='ocrx_word' id='word_1_145' title='bbox 548 2049 716 2109; x_wconf 78' lang='lat' dir='ltr'>manifestis</span> <span class='ocrx_word' id='word_1_146' title='bbox 740 2049 870 2108; x_wconf 86' lang='lat' dir='ltr'>testibus</span> <span class='ocrx_word' id='word_1_147' title='bbox 890 2050 1149 2109; x_wconf 84' lang='lat' dir='ltr'>convincerentur.</span> <span class='ocrx_word' id='word_1_148' title='bbox 1172 2094 1237 2128; x_wconf 90' lang='lat'>···.</span> <span class='ocrx_word' id='word_1_149' title='bbox 1257 2050 1475 2130; x_wconf 77' lang='lat' dir='ltr'>rurendaciornm</span> <span class='ocrx_word' id='word_1_150' title='bbox 1495 2070 1541 2112; x_wconf 89' lang='lat' dir='ltr'>co·</span> 
     </span>
    </p>

    <p class='ocr_par' dir='ltr' id='par_1_6' title="bbox 316 2136 1320 2213">
     <span class='ocr_line' id='line_1_18' title="bbox 316 2136 1320 2213; baseline 0.002 -17"><span class='ocrx_word' id='word_1_151' title='bbox 316 2201 323 2211; x_wconf 65' lang='grc'><strong>,</strong></span> <span class='ocrx_word' id='word_1_152' title='bbox 408 2140 506 2212; x_wconf 85' lang='lat' dir='ltr'>mites,</span> <span class='ocrx_word' id='word_1_153' title='bbox 526 2156 599 2213; x_wconf 84' lang='lat' dir='ltr'>qnos</span> <span class='ocrx_word' id='word_1_154' title='bbox 618 2136 782 2196; x_wconf 83' lang='lat' dir='ltr'>historicae</span> <span class='ocrx_word' id='word_1_155' title='bbox 802 2137 991 2211; x_wconf 83' lang='lat' dir='ltr'>eloquentiae</span> <span class='ocrx_word' id='word_1_156' title='bbox 1010 2137 1154 2196; x_wconf 88' lang='lat' dir='ltr'>miramur</span> <span class='ocrx_word' id='word_1_157' title='bbox 1173 2143 1320 2198; x_wconf 81' lang='lat' dir='ltr'>auctores</span> 
     </span>
    </p>

    <p class='ocr_par' dir='ltr' id='par_1_7' title="bbox 407 2223 1543 2563">
     <span class='ocr_line' id='line_1_19' title="bbox 484 2223 1539 2302; baseline 0.002 -16"><span class='ocrx_word' id='word_1_158' title='bbox 484 2257 516 2268; x_wconf 91' lang='lat'>-—</span> <span class='ocrx_word' id='word_1_159' title='bbox 536 2227 627 2286; x_wconf 88' lang='lat' dir='ltr'>Proh.</span> <span class='ocrx_word' id='word_1_160' title='bbox 647 2225 679 2285; x_wconf 86' lang='lat' dir='ltr'>l:</span> <span class='ocrx_word' id='word_1_161' title='bbox 705 2223 831 2286; x_wconf 86' lang='lat' dir='ltr'>Certum</span> <span class='ocrx_word' id='word_1_162' title='bbox 850 2226 994 2299; x_wconf 88' lang='lat' dir='ltr'>estquod</span> <span class='ocrx_word' id='word_1_163' title='bbox 1014 2225 1179 2285; x_wconf 85' lang='lat' dir='ltr'>Sallustius</span> <span class='ocrx_word' id='word_1_164' title='bbox 1198 2223 1325 2302; x_wconf 83' lang='lat' dir='ltr'>Crispus</span> <span class='ocrx_word' id='word_1_165' title='bbox 1345 2228 1480 2302; x_wconf 86' lang='lat' dir='ltr'>quodque</span> <span class='ocrx_word' id='word_1_166' title='bbox 1500 2227 1539 2290; x_wconf 87' lang='lat' dir='ltr'>ll.</span> 
     </span>
     <span class='ocr_line' id='line_1_20' title="bbox 408 2309 1543 2376; baseline 0.004 -4"><span class='ocrx_word' id='word_1_167' title='bbox 408 2309 487 2372; x_wconf 87' lang='lat' dir='ltr'>Cato</span> <span class='ocrx_word' id='word_1_168' title='bbox 507 2322 539 2374; x_wconf 90' lang='lat' dir='ltr'>et</span> <span class='ocrx_word' id='word_1_169' title='bbox 557 2311 676 2374; x_wconf 85' lang='lat' dir='ltr'>Gellius</span> <span class='ocrx_word' id='word_1_170' title='bbox 694 2313 833 2373; x_wconf 89' lang='lat' dir='ltr'>historici</span> <span class='ocrx_word' id='word_1_171' title='bbox 852 2313 1023 2372; x_wconf 90' lang='lat' dir='ltr'>sententiae</span> <span class='ocrx_word' id='word_1_172' title='bbox 1046 2313 1132 2371; x_wconf 86' lang='lat' dir='ltr'>ruodo</span> <span class='ocrx_word' id='word_1_173' title='bbox 1155 2313 1186 2372; x_wconf 91' lang='lat' dir='ltr'>iu</span> <span class='ocrx_word' id='word_1_174' title='bbox 1213 2313 1335 2374; x_wconf 88' lang='lat' dir='ltr'>litteras</span> <span class='ocrx_word' id='word_1_175' title='bbox 1358 2317 1543 2376; x_wconf 88' lang='lat' dir='ltr'>rettulerunt</span> 
     </span>
     <span class='ocr_line' id='line_1_21' title="bbox 408 2401 1542 2474; baseline 0.006 -18"><span class='ocrx_word' id='word_1_176' title='bbox 408 2417 509 2460; x_wconf 81' lang='lat' dir='ltr'>orrnrres</span> <span class='ocrx_word' id='word_1_177' title='bbox 529 2402 657 2460; x_wconf 90' lang='lat' dir='ltr'>omnium</span> <span class='ocrx_word' id='word_1_178' title='bbox 675 2401 809 2460; x_wconf 76' lang='lat' dir='ltr'>virtutes</span> <span class='ocrx_word' id='word_1_179' title='bbox 828 2407 932 2459; x_wconf 78' lang='lat' dir='ltr'>tenutas</span> <span class='ocrx_word' id='word_1_180' title='bbox 951 2416 1029 2472; x_wconf 87' lang='lat' dir='ltr'>esse,</span> <span class='ocrx_word' id='word_1_181' title='bbox 1052 2407 1181 2474; x_wconf 79' lang='lat' dir='ltr'>qrrarutas</span> <span class='ocrx_word' id='word_1_182' title='bbox 1202 2402 1299 2461; x_wconf 84' lang='lat' dir='ltr'>rideri</span> <span class='ocrx_word' id='word_1_183' title='bbox 1319 2419 1371 2463; x_wconf 91' lang='lat' dir='ltr'>eas</span> <span class='ocrx_word' id='word_1_184' title='bbox 1390 2402 1542 2465; x_wconf 81' lang='lat' dir='ltr'>voluerint</span> 
     </span>
     <span class='ocr_line' id='line_1_22' title="bbox 407 2487 1349 2563; baseline 0.003 -17"><span class='ocrx_word' id='word_1_185' title='bbox 407 2505 509 2547; x_wconf 87' lang='lat' dir='ltr'>eornm</span> <span class='ocrx_word' id='word_1_186' title='bbox 529 2489 662 2562; x_wconf 81' lang='lat' dir='ltr'>ingenia,</span> <span class='ocrx_word' id='word_1_187' title='bbox 681 2489 733 2561; x_wconf 89' lang='lat' dir='ltr'>qui</span> <span class='ocrx_word' id='word_1_188' title='bbox 752 2488 839 2547; x_wconf 77' lang='lat' dir='ltr'>nutius</span> <span class='ocrx_word' id='word_1_189' title='bbox 858 2488 1001 2561; x_wconf 76' lang='lat' dir='ltr'>citiusque</span> <span class='ocrx_word' id='word_1_190' title='bbox 1021 2488 1104 2546; x_wconf 84' lang='lat' dir='ltr'>iacta</span> <span class='ocrx_word' id='word_1_191' title='bbox 1122 2487 1349 2563; x_wconf 78' lang='lat' dir='ltr'>descripserint</span> 
     </span>
    </p>

    <p class='ocr_par' dir='ltr' id='par_1_8' title="bbox 407 2575 1544 2827">
     <span class='ocr_line' id='line_1_23' title="bbox 482 2575 1544 2655; baseline 0.004 -19"><span class='ocrx_word' id='word_1_192' title='bbox 482 2606 517 2618; x_wconf 91' lang='lat'>-</span> <span class='ocrx_word' id='word_1_193' title='bbox 536 2579 575 2636; x_wconf 91' lang='lat' dir='ltr'>ih.</span> <span class='ocrx_word' id='word_1_194' title='bbox 595 2577 626 2636; x_wconf 81' lang='lat'>2:</span> <span class='ocrx_word' id='word_1_195' title='bbox 657 2583 688 2635; x_wconf 90' lang='lat' dir='ltr'>et</span> <span class='ocrx_word' id='word_1_196' title='bbox 716 2575 789 2635; x_wconf 88' lang='lat' dir='ltr'>mihi</span> <span class='ocrx_word' id='word_1_197' title='bbox 817 2575 934 2648; x_wconf 88' lang='lat' dir='ltr'>quidem</span> <span class='ocrx_word' id='word_1_198' title='bbox 963 2575 993 2634; x_wconf 88' lang='lat' dir='ltr'>id</span> <span class='ocrx_word' id='word_1_199' title='bbox 1022 2575 1112 2634; x_wconf 92' lang='lat' dir='ltr'>animi</span> <span class='ocrx_word' id='word_1_200' title='bbox 1140 2575 1198 2634; x_wconf 89' lang='lat' dir='ltr'>luit</span> <span class='ocrx_word' id='word_1_201' title='bbox 1225 2593 1284 2636; x_wconf 90' lang='lat' dir='ltr'>non</span> <span class='ocrx_word' id='word_1_202' title='bbox 1312 2585 1347 2636; x_wconf 92' lang='lat' dir='ltr'>ut</span> <span class='ocrx_word' id='word_1_203' title='bbox 1374 2577 1544 2655; x_wconf 87' lang='lat' dir='ltr'>Sallustios,</span> 
     </span>
     <span class='ocr_line' id='line_1_24' title="bbox 408 2663 1544 2740; baseline 0.004 -16"><span class='ocrx_word' id='word_1_204' title='bbox 408 2663 524 2740; x_wconf 78' lang='lat' dir='ltr'>Lirios,</span> <span class='ocrx_word' id='word_1_205' title='bbox 543 2665 677 2738; x_wconf 78' lang='lat' dir='ltr'>Taucitos,</span> <span class='ocrx_word' id='word_1_206' title='bbox 696 2664 816 2738; x_wconf 79' lang='lat' dir='ltr'>Trogus</span> <span class='ocrx_word' id='word_1_207' title='bbox 829 2670 919 2737; x_wconf 91' lang='lat' dir='ltr'>atque</span> <span class='ocrx_word' id='word_1_208' title='bbox 939 2681 1040 2723; x_wconf 86' lang='lat' dir='ltr'>omnes</span> <span class='ocrx_word' id='word_1_209' title='bbox 1059 2663 1291 2726; x_wconf 89' lang='lat' dir='ltr'>dissertissimos</span> <span class='ocrx_word' id='word_1_210' title='bbox 1309 2665 1444 2728; x_wconf 87' lang='lat' dir='ltr'>imitarer</span> <span class='ocrx_word' id='word_1_211' title='bbox 1462 2669 1544 2729; x_wconf 84' lang='lat' dir='ltr'>viros</span> 
     </span>
     <span class='ocr_line' id='line_1_25' title="bbox 407 2751 1201 2827; baseline -0.005 -15"><span class='ocrx_word' id='word_1_212' title='bbox 407 2752 438 2812; x_wconf 95' lang='lat' dir='ltr'>ln</span> <span class='ocrx_word' id='word_1_213' title='bbox 458 2753 524 2812; x_wconf 84' lang='lat' dir='ltr'>rita</span> <span class='ocrx_word' id='word_1_214' title='bbox 541 2752 709 2827; x_wconf 90' lang='lat' dir='ltr'>principum</span> <span class='ocrx_word' id='word_1_215' title='bbox 728 2759 761 2810; x_wconf 90' lang='lat' dir='ltr'>et</span> <span class='ocrx_word' id='word_1_216' title='bbox 779 2751 962 2825; x_wconf 84' lang='lat' dir='ltr'>temporibus</span> <span class='ocrx_word' id='word_1_217' title='bbox 982 2751 1178 2810; x_wconf 79' lang='lat' dir='ltr'>disserendis.</span> <span class='ocrx_word' id='word_1_218' title='bbox 1199 2803 1201 2808; x_wconf 90' lang='lat'>.</span> 
     </span>
    </p>

    <p class='ocr_par' dir='ltr' id='par_1_9' title="bbox 405 2837 1544 3004">
     <span class='ocr_line' id='line_1_26' title="bbox 484 2837 1544 2906; baseline 0.005 -6"><span class='ocrx_word' id='word_1_219' title='bbox 484 2871 515 2882; x_wconf 93' lang='grc'>-</span> <span class='ocrx_word' id='word_1_220' title='bbox 535 2841 628 2900; x_wconf 77' lang='lat' dir='ltr'>Fiam.</span> <span class='ocrx_word' id='word_1_221' title='bbox 648 2841 678 2900; x_wconf 81' lang='lat' dir='ltr'>il:</span> <span class='ocrx_word' id='word_1_222' title='bbox 698 2857 765 2898; x_wconf 87' lang='lat' dir='ltr'>cum</span> <span class='ocrx_word' id='word_1_223' title='bbox 784 2847 816 2898; x_wconf 90' lang='lat' dir='ltr'>et</span> <span class='ocrx_word' id='word_1_224' title='bbox 833 2839 940 2898; x_wconf 79' lang='lat' dir='ltr'>Liuius</span> <span class='ocrx_word' id='word_1_225' title='bbox 960 2845 993 2898; x_wconf 90' lang='lat' dir='ltr'>et</span> <span class='ocrx_word' id='word_1_226' title='bbox 1010 2837 1176 2900; x_wconf 82' lang='lat' dir='ltr'>Sallustius</span> <span class='ocrx_word' id='word_1_227' title='bbox 1196 2847 1319 2902; x_wconf 78' lang='lat' dir='ltr'>taceam</span> <span class='ocrx_word' id='word_1_228' title='bbox 1336 2859 1386 2902; x_wconf 92' lang='lat' dir='ltr'>res</span> <span class='ocrx_word' id='word_1_229' title='bbox 1404 2844 1487 2903; x_wconf 83' lang='lat' dir='ltr'>leves</span> <span class='ocrx_word' id='word_1_230' title='bbox 1506 2842 1544 2906; x_wconf 89' lang='lat' dir='ltr'>de</span> 
     </span>
     <span class='ocr_line' id='line_1_27' title="bbox 405 2927 939 3004; baseline -0.004 -16"><span class='ocrx_word' id='word_1_231' title='bbox 405 2927 462 3004; x_wconf 86' lang='lat' dir='ltr'>his,</span> <span class='ocrx_word' id='word_1_232' title='bbox 482 2944 606 3003; x_wconf 89' lang='lat' dir='ltr'>quorum</span> <span class='ocrx_word' id='word_1_233' title='bbox 625 2927 718 2988; x_wconf 89' lang='lat' dir='ltr'>vitam</span> <span class='ocrx_word' id='word_1_234' title='bbox 737 2927 939 3001; x_wconf 81' lang='lat' dir='ltr'>arripuerunt</span> 
     </span>
    </p>

    <p class='ocr_par' dir='ltr' id='par_1_10' title="bbox 480 3015 1541 3093">
     <span class='ocr_line' id='line_1_28' title="bbox 480 3015 1541 3093; baseline 0.003 -17"><span class='ocrx_word' id='word_1_235' title='bbox 480 3017 569 3077; x_wconf 80' lang='lat' dir='ltr'>ilarii</span> <span class='ocrx_word' id='word_1_236' title='bbox 588 3015 681 3075; x_wconf 90' lang='lat' dir='ltr'>Plotii</span> <span class='ocrx_word' id='word_1_237' title='bbox 700 3015 856 3074; x_wconf 87' lang='lat' dir='ltr'>Sacerdut.</span> <span class='ocrx_word' id='word_1_238' title='bbox 884 3020 942 3074; x_wconf 74' lang='lat' dir='ltr'>aura</span> <span class='ocrx_word' id='word_1_239' title='bbox 965 3022 1042 3088; x_wconf 78' lang='lat' dir='ltr'>gnte.</span> <span class='ocrx_word' id='word_1_240' title='bbox 1065 3015 1081 3074; x_wconf 93' lang='grc' dir='ltr'><strong>Ι</strong></span> <span class='ocrx_word' id='word_1_241' title='bbox 1112 3016 1203 3089; x_wconf 80' lang='lat' dir='ltr'>(grta</span> <span class='ocrx_word' id='word_1_242' title='bbox 1222 3016 1275 3076; x_wconf 86' lang='lat' dir='ltr'>lat.</span> <span class='ocrx_word' id='word_1_243' title='bbox 1299 3015 1346 3077; x_wconf 90' lang='lat' dir='ltr'>VI</span> <span class='ocrx_word' id='word_1_244' title='bbox 1365 3034 1393 3091; x_wconf 93' lang='lat' dir='ltr'>p.</span> <span class='ocrx_word' id='word_1_245' title='bbox 1416 3019 1479 3093; x_wconf 78' lang='lat' dir='ltr'>tot,</span> <span class='ocrx_word' id='word_1_246' title='bbox 1507 3021 1541 3081; x_wconf 81' lang='lat' dir='ltr'>at</span> 
     </span>
    </p>

    <p class='ocr_par' dir='ltr' id='par_1_11' title="bbox 391 3103 1545 3358">
     <span class='ocr_line' id='line_1_29' title="bbox 391 3103 1544 3182; baseline -0.001 -14"><span class='ocrx_word' id='word_1_247' title='bbox 391 3103 453 3168; x_wconf 76' lang='lat' dir='ltr'>,ed</span> <span class='ocrx_word' id='word_1_248' title='bbox 471 3105 572 3178; x_wconf 88' lang='lat' dir='ltr'>Keil):</span> <span class='ocrx_word' id='word_1_249' title='bbox 600 3104 723 3163; x_wconf 89' lang='lat' dir='ltr'>tertium</span> <span class='ocrx_word' id='word_1_250' title='bbox 747 3103 947 3162; x_wconf 74' lang='lat' dir='ltr'>tarracolrtthon</span> <span class='ocrx_word' id='word_1_251' title='bbox 966 3110 1015 3162; x_wconf 87' lang='lat' dir='ltr'>est</span> <span class='ocrx_word' id='word_1_252' title='bbox 1037 3121 1103 3164; x_wconf 83' lang='lat' dir='ltr'>cuum</span> <span class='ocrx_word' id='word_1_253' title='bbox 1122 3105 1229 3179; x_wconf 88' lang='lat' dir='ltr'>oratio,</span> <span class='ocrx_word' id='word_1_254' title='bbox 1253 3105 1372 3182; x_wconf 78' lang='lat' dir='ltr'>iraqrtae</span> <span class='ocrx_word' id='word_1_255' title='bbox 1385 3111 1417 3164; x_wconf 88' lang='lat' dir='ltr'>et</span> <span class='ocrx_word' id='word_1_256' title='bbox 1435 3125 1544 3180; x_wconf 84' lang='lat' dir='ltr'>,quam</span> 
     </span>
     <span class='ocr_line' id='line_1_30' title="bbox 407 3192 1545 3270; baseline 0.003 -18"><span class='ocrx_word' id='word_1_257' title='bbox 407 3197 504 3268; x_wconf 75' lang='lat' dir='ltr'>qnam·</span> <span class='ocrx_word' id='word_1_258' title='bbox 532 3199 565 3252; x_wconf 89' lang='lat' dir='ltr'>et</span> <span class='ocrx_word' id='word_1_259' title='bbox 593 3193 712 3265; x_wconf 83' lang='lat' dir='ltr'>,tarueu‘</span> <span class='ocrx_word' id='word_1_260' title='bbox 738 3192 902 3250; x_wconf 87' lang='lat' dir='ltr'>rrecessarii</span> <span class='ocrx_word' id='word_1_261' title='bbox 931 3192 994 3250; x_wconf 88' lang='lat' dir='ltr'>sint</span> <span class='ocrx_word' id='word_1_262' title='bbox 1012 3193 1069 3251; x_wconf 89' lang='lat' dir='ltr'>duo</span> <span class='ocrx_word' id='word_1_263' title='bbox 1090 3193 1193 3266; x_wconf 85' lang='lat' dir='ltr'>rerba,</span> <span class='ocrx_word' id='word_1_264' title='bbox 1222 3193 1334 3253; x_wconf 93' lang='lat' dir='ltr'>nullum</span> <span class='ocrx_word' id='word_1_265' title='bbox 1361 3193 1482 3270; x_wconf 89' lang='lat' dir='ltr'>haheat,</span> <span class='ocrx_word' id='word_1_266' title='bbox 1511 3201 1545 3255; x_wconf 88' lang='lat' dir='ltr'>ut</span> 
     </span>
     <span class='ocr_line' id='line_1_31' title="bbox 406 3281 1372 3358; baseline -0.001 -14"><span class='ocrx_word' id='word_1_267' title='bbox 406 3285 519 3358; x_wconf 86' lang='lat' dir='ltr'>,llarco</span> <span class='ocrx_word' id='word_1_268' title='bbox 536 3282 651 3357; x_wconf 86' lang='lat' dir='ltr'>Lepido</span> <span class='ocrx_word' id='word_1_269' title='bbox 669 3299 735 3342; x_wconf 89' lang='lat' dir='ltr'>cnm</span> <span class='ocrx_word' id='word_1_270' title='bbox 754 3281 888 3341; x_wconf 89' lang='lat' dir='ltr'>omnihus</span> <span class='ocrx_word' id='word_1_271' title='bbox 908 3281 1001 3354; x_wconf 87' lang='lat' dir='ltr'>copiis</span> <span class='ocrx_word' id='word_1_272' title='bbox 1015 3281 1109 3340; x_wconf 85' lang='lat' dir='ltr'>Italia</span> <span class='ocrx_word' id='word_1_273' title='bbox 1127 3281 1214 3356; x_wconf 87' lang='lat' dir='ltr'>pulso</span> <span class='ocrx_word' id='word_1_274' title='bbox 1233 3283 1372 3357; x_wconf 68' lang='lat' dir='ltr'>segnior!</span> 
     </span>
    </p>

    <p class='ocr_par' dir='ltr' id='par_1_12' title="bbox 408 3369 1546 3625">
     <span class='ocr_line' id='line_1_32' title="bbox 485 3369 1546 3449; baseline -0.001 -17"><span class='ocrx_word' id='word_1_275' title='bbox 485 3405 518 3416; x_wconf 93' lang='lat'>-</span> <span class='ocrx_word' id='word_1_276' title='bbox 539 3391 566 3449; x_wconf 89' lang='lat' dir='ltr'>p.</span> <span class='ocrx_word' id='word_1_277' title='bbox 585 3371 649 3444; x_wconf 75' lang='lat'>470,</span> <span class='ocrx_word' id='word_1_278' title='bbox 669 3371 717 3430; x_wconf 78' lang='lat' dir='ltr'>ts:</span> <span class='ocrx_word' id='word_1_279' title='bbox 736 3369 848 3428; x_wconf 85' lang='lat' dir='ltr'>exoche</span> <span class='ocrx_word' id='word_1_280' title='bbox 868 3369 999 3428; x_wconf 90' lang='lat' dir='ltr'>secunda</span> <span class='ocrx_word' id='word_1_281' title='bbox 1021 3375 1078 3442; x_wconf 85' lang='lat' dir='ltr'>est,</span> <span class='ocrx_word' id='word_1_282' title='bbox 1104 3387 1169 3428; x_wconf 89' lang='lat' dir='ltr'>curn</span> <span class='ocrx_word' id='word_1_283' title='bbox 1182 3370 1240 3428; x_wconf 89' lang='lat' dir='ltr'>duo</span> <span class='ocrx_word' id='word_1_284' title='bbox 1258 3371 1376 3430; x_wconf 82' lang='lat' dir='ltr'>irorrrina</span> <span class='ocrx_word' id='word_1_285' title='bbox 1399 3373 1546 3446; x_wconf 86' lang='lat' dir='ltr'>specialia</span> 
     </span>
     <span class='ocr_line' id='line_1_33' title="bbox 408 3456 1545 3540; baseline 0 -20"><span class='ocrx_word' id='word_1_286' title='bbox 408 3469 562 3535; x_wconf 87' lang='lat' dir='ltr'>ponuntur</span> <span class='ocrx_word' id='word_1_287' title='bbox 586 3465 619 3519; x_wconf 88' lang='lat' dir='ltr'>et</span> <span class='ocrx_word' id='word_1_288' title='bbox 643 3459 686 3518; x_wconf 87' lang='lat' dir='ltr'>sic</span> <span class='ocrx_word' id='word_1_289' title='bbox 709 3459 842 3517; x_wconf 84' lang='lat' dir='ltr'>errrinens</span> <span class='ocrx_word' id='word_1_290' title='bbox 866 3457 964 3517; x_wconf 82' lang='lat' dir='ltr'>oratio</span> <span class='ocrx_word' id='word_1_291' title='bbox 985 3457 1024 3516; x_wconf 89' lang='lat' dir='ltr'>nd</span> <span class='ocrx_word' id='word_1_292' title='bbox 1043 3456 1188 3530; x_wconf 74' lang='lat' dir='ltr'>generale</span> <span class='ocrx_word' id='word_1_293' title='bbox 1212 3475 1316 3518; x_wconf 84' lang='lat' dir='ltr'>urornen</span> <span class='ocrx_word' id='word_1_294' title='bbox 1330 3461 1486 3540; x_wconf 16' lang='lat' dir='ltr'>‘&#39;ascendit,</span> <span class='ocrx_word' id='word_1_295' title='bbox 1510 3469 1545 3521; x_wconf 89' lang='lat' dir='ltr'>ut</span> 
     </span>
     <span class='ocr_line' id='line_1_34' title="bbox 409 3545 1309 3625; baseline -0.003 -17"><span class='ocrx_word' id='word_1_296' title='bbox 409 3557 457 3608; x_wconf 89' lang='lat' dir='ltr'>est</span> <span class='ocrx_word' id='word_1_297' title='bbox 476 3549 676 3625; x_wconf 80' lang='lat' dir='ltr'>probitatem,</span> <span class='ocrx_word' id='word_1_298' title='bbox 696 3546 875 3605; x_wconf 86' lang='lat' dir='ltr'>iudustriam</span> <span class='ocrx_word' id='word_1_299' title='bbox 895 3553 1074 3619; x_wconf 87' lang='lat' dir='ltr'>ceterasque</span> <span class='ocrx_word' id='word_1_300' title='bbox 1092 3545 1188 3605; x_wconf 86' lang='lat' dir='ltr'>bonas</span> <span class='ocrx_word' id='word_1_301' title='bbox 1207 3545 1309 3606; x_wconf 71' lang='lat' dir='ltr'>artes.⁴</span> 
     </span>
    </p>

    <p class='ocr_par' dir='ltr' id='par_1_13' title="bbox 408 3633 1543 3884">
     <span class='ocr_line' id='line_1_35' title="bbox 482 3633 1543 3713; baseline -0.001 -18"><span class='ocrx_word' id='word_1_302' title='bbox 482 3669 511 3679; x_wconf 90' lang='lat'>-</span> <span class='ocrx_word' id='word_1_303' title='bbox 533 3655 561 3713; x_wconf 85' lang='lat' dir='ltr'>p.</span> <span class='ocrx_word' id='word_1_304' title='bbox 577 3635 707 3705; x_wconf 69' lang='lat' dir='ltr'>itata</span> <span class='ocrx_word' id='word_1_305' title='bbox 728 3633 840 3693; x_wconf 80' lang='lat' dir='ltr'>exoche</span> <span class='ocrx_word' id='word_1_306' title='bbox 850 3634 944 3692; x_wconf 89' lang='lat' dir='ltr'>tertia</span> <span class='ocrx_word' id='word_1_307' title='bbox 958 3663 993 3674; x_wconf 88' lang='lat'>-</span> <span class='ocrx_word' id='word_1_308' title='bbox 1007 3650 1065 3692; x_wconf 91' lang='lat' dir='ltr'>nuo</span> <span class='ocrx_word' id='word_1_309' title='bbox 1078 3641 1198 3694; x_wconf 81' lang='lat' dir='ltr'>teritum</span> <span class='ocrx_word' id='word_1_310' title='bbox 1210 3633 1295 3694; x_wconf 89' lang='lat' dir='ltr'>modo</span> <span class='ocrx_word' id='word_1_311' title='bbox 1310 3636 1412 3696; x_wconf 90' lang='lat' dir='ltr'>addito</span> <span class='ocrx_word' id='word_1_312' title='bbox 1426 3637 1543 3696; x_wconf 91' lang='lat' dir='ltr'>nomine</span> 
     </span>
     <span class='ocr_line' id='line_1_36' title="bbox 408 3721 1543 3801; baseline -0.001 -16"><span class='ocrx_word' id='word_1_313' title='bbox 408 3725 534 3801; x_wconf 86' lang='lat' dir='ltr'>speciali</span> <span class='ocrx_word' id='word_1_314' title='bbox 562 3730 634 3782; x_wconf 89' lang='lat' dir='ltr'>ante</span> <span class='ocrx_word' id='word_1_315' title='bbox 666 3722 839 3794; x_wconf 77' lang='lat' dir='ltr'>gerremlem</span> <span class='ocrx_word' id='word_1_316' title='bbox 869 3721 1117 3797; x_wconf 83' lang='lat' dir='ltr'>appellationem,</span> <span class='ocrx_word' id='word_1_317' title='bbox 1141 3728 1174 3782; x_wconf 87' lang='lat' dir='ltr'>ut</span> <span class='ocrx_word' id='word_1_318' title='bbox 1198 3729 1246 3782; x_wconf 86' lang='lat' dir='ltr'>est</span> <span class='ocrx_word' id='word_1_319' title='bbox 1269 3723 1455 3800; x_wconf 79' lang='lat' dir='ltr'>,Hipponem</span> <span class='ocrx_word' id='word_1_320' title='bbox 1480 3725 1543 3784; x_wconf 80' lang='lat' dir='ltr'>Ad·</span> 
     </span>
     <span class='ocr_line' id='line_1_37' title="bbox 409 3811 1074 3884; baseline -0.006 -9"><span class='ocrx_word' id='word_1_321' title='bbox 409 3821 567 3882; x_wconf 88' lang='lat' dir='ltr'>rnmctmn,</span> <span class='ocrx_word' id='word_1_322' title='bbox 587 3811 698 3884; x_wconf 84' lang='lat' dir='ltr'>Leptin</span> <span class='ocrx_word' id='word_1_323' title='bbox 718 3816 896 3884; x_wconf 88' lang='lat' dir='ltr'>ceterasque</span> <span class='ocrx_word' id='word_1_324' title='bbox 914 3811 1074 3872; x_wconf 74' lang='lat' dir='ltr'>ciuitates.⁸</span> 
     </span>
    </p>

    <p class='ocr_par' dir='ltr' id='par_1_14' title="bbox 406 3896 1545 4316">
     <span class='ocr_line' id='line_1_38' title="bbox 481 3896 1545 3975; baseline 0.003 -14"><span class='ocrx_word' id='word_1_325' title='bbox 481 3902 623 3961; x_wconf 60' lang='lat' dir='ltr'>Isauctaut.</span> <span class='ocrx_word' id='word_1_326' title='bbox 643 3901 739 3959; x_wconf 89' lang='lat' dir='ltr'>instit.</span> <span class='ocrx_word' id='word_1_327' title='bbox 763 3899 822 3959; x_wconf 81' lang='lat' dir='ltr'>div.</span> <span class='ocrx_word' id='word_1_328' title='bbox 847 3899 899 3956; x_wconf 83' lang='lat' dir='ltr'>lih.</span> <span class='ocrx_word' id='word_1_329' title='bbox 921 3896 958 3956; x_wconf 89' lang='lat'>11</span> <span class='ocrx_word' id='word_1_330' title='bbox 979 3899 1012 3958; x_wconf 75' lang='lat'>12</span> <span class='ocrx_word' id='word_1_331' title='bbox 1041 3901 1082 3974; x_wconf 90' lang='lat' dir='ltr'>(p.</span> <span class='ocrx_word' id='word_1_332' title='bbox 1104 3901 1153 3960; x_wconf 92' lang='lat'>101</span> <span class='ocrx_word' id='word_1_333' title='bbox 1174 3901 1245 3960; x_wconf 89' lang='lat' dir='ltr'>hihl.</span> <span class='ocrx_word' id='word_1_334' title='bbox 1266 3908 1345 3975; x_wconf 89' lang='lat' dir='ltr'>patr.</span> <span class='ocrx_word' id='word_1_335' title='bbox 1365 3902 1471 3962; x_wconf 83' lang='lat' dir='ltr'>eccles.</span> <span class='ocrx_word' id='word_1_336' title='bbox 1488 3903 1545 3964; x_wconf 86' lang='lat' dir='ltr'>lat.</span> 
     </span>
     <span class='ocr_line' id='line_1_39' title="bbox 407 3987 1545 4063; baseline 0.002 -13"><span class='ocrx_word' id='word_1_337' title='bbox 407 3989 453 4052; x_wconf 90' lang='lat' dir='ltr'>ed.</span> <span class='ocrx_word' id='word_1_338' title='bbox 474 3989 649 4060; x_wconf 67' lang='lat' dir='ltr'>ilersdorih:</span> <span class='ocrx_word' id='word_1_339' title='bbox 665 3987 857 4047; x_wconf 88' lang='lat' dir='ltr'>-huminem</span> <span class='ocrx_word' id='word_1_340' title='bbox 876 4003 1003 4060; x_wconf 84' lang='lat' dir='ltr'>rueqrmm</span> <span class='ocrx_word' id='word_1_341' title='bbox 1016 3987 1203 4063; x_wconf 89' lang='lat' dir='ltr'>Sallustium,</span> <span class='ocrx_word' id='word_1_342' title='bbox 1223 3991 1273 4062; x_wconf 72' lang='lat' dir='ltr'>qun</span> <span class='ocrx_word' id='word_1_343' title='bbox 1290 3991 1347 4050; x_wconf 89' lang='lat' dir='ltr'>ait:</span> <span class='ocrx_word' id='word_1_344' title='bbox 1367 3991 1420 4050; x_wconf 86' lang='lat' dir='ltr'>sed</span> <span class='ocrx_word' id='word_1_345' title='bbox 1439 3998 1545 4052; x_wconf 90' lang='lat' dir='ltr'>nostra</span> 
     </span>
     <span class='ocr_line' id='line_1_40' title="bbox 408 4075 1542 4149; baseline 0.002 -11"><span class='ocrx_word' id='word_1_346' title='bbox 408 4081 503 4138; x_wconf 86' lang='lat' dir='ltr'>orrurris</span> <span class='ocrx_word' id='word_1_347' title='bbox 522 4078 569 4137; x_wconf 84' lang='lat' dir='ltr'>uls</span> <span class='ocrx_word' id='word_1_348' title='bbox 588 4083 645 4136; x_wconf 84' lang='lat' dir='ltr'>etc.</span> <span class='ocrx_word' id='word_1_349' title='bbox 679 4075 784 4149; x_wconf 84' lang='lat' dir='ltr'>Recte,</span> <span class='ocrx_word' id='word_1_350' title='bbox 804 4076 830 4136; x_wconf 87' lang='lat' dir='ltr'>sl</span> <span class='ocrx_word' id='word_1_351' title='bbox 842 4076 887 4134; x_wconf 91' lang='lat' dir='ltr'>ita</span> <span class='ocrx_word' id='word_1_352' title='bbox 900 4077 1035 4147; x_wconf 78' lang='lat' dir='ltr'>risisset,</span> <span class='ocrx_word' id='word_1_353' title='bbox 1054 4083 1090 4134; x_wconf 88' lang='lat' dir='ltr'>ut</span> <span class='ocrx_word' id='word_1_354' title='bbox 1101 4077 1220 4136; x_wconf 84' lang='lat' dir='ltr'>locutus</span> <span class='ocrx_word' id='word_1_355' title='bbox 1233 4083 1289 4138; x_wconf 82' lang='lat' dir='ltr'>est</span> <span class='ocrx_word' id='word_1_356' title='bbox 1319 4075 1454 4140; x_wconf 78' lang='lat' dir='ltr'>Servivit</span> <span class='ocrx_word' id='word_1_357' title='bbox 1466 4081 1542 4140; x_wconf 85' lang='lat' dir='ltr'>enim</span> 
     </span>
     <span class='ocr_line' id='line_1_41' title="bbox 406 4163 1544 4243; baseline 0.003 -17"><span class='ocrx_word' id='word_1_358' title='bbox 406 4165 588 4226; x_wconf 80' lang='lat' dir='ltr'>foedissimis</span> <span class='ocrx_word' id='word_1_359' title='bbox 608 4163 815 4238; x_wconf 82' lang='lat' dir='ltr'>rolurptatihns</span> <span class='ocrx_word' id='word_1_360' title='bbox 836 4180 980 4238; x_wconf 74' lang='lat' dir='ltr'>sursumque</span> <span class='ocrx_word' id='word_1_361' title='bbox 999 4166 1064 4239; x_wconf 85' lang='lat' dir='ltr'>ipse</span> <span class='ocrx_word' id='word_1_362' title='bbox 1089 4165 1270 4224; x_wconf 89' lang='lat' dir='ltr'>senteutiam</span> <span class='ocrx_word' id='word_1_363' title='bbox 1290 4167 1371 4227; x_wconf 84' lang='lat' dir='ltr'>ritae</span> <span class='ocrx_word' id='word_1_364' title='bbox 1390 4169 1544 4243; x_wconf 78' lang='lat' dir='ltr'>prauitate</span> 
     </span>
     <span class='ocr_line' id='line_1_42' title="bbox 408 4253 557 4316; baseline 0.007 -2"><span class='ocrx_word' id='word_1_365' title='bbox 408 4253 557 4316; x_wconf 73' lang='lat' dir='ltr'>dissolvit</span> 
     </span>
    </p>
   </div>
   <div class='ocr_carea' id='block_1_4' title="bbox 407 4315 1544 4598">
    <p class='ocr_par' dir='ltr' id='par_1_15' title="bbox 407 4315 1544 4598">
     <span class='ocr_line' id='line_1_43' title="bbox 478 4315 1544 4420; baseline 0.007 -20"><span class='ocrx_word' id='word_1_366' title='bbox 478 4373 514 4384; x_wconf 90' lang='lat'>-</span> <span class='ocrx_word' id='word_1_367' title='bbox 533 4340 586 4401; x_wconf 90' lang='lat'>111</span> <span class='ocrx_word' id='word_1_368' title='bbox 604 4341 641 4402; x_wconf 76' lang='lat'>‘29</span> <span class='ocrx_word' id='word_1_369' title='bbox 659 4359 688 4418; x_wconf 89' lang='lat' dir='ltr'>p.</span> <span class='ocrx_word' id='word_1_370' title='bbox 709 4341 779 4402; x_wconf 79' lang='lat' dir='ltr'>tot:</span> <span class='ocrx_word' id='word_1_371' title='bbox 800 4371 832 4384; x_wconf 89' lang='lat'>-</span> <span class='ocrx_word' id='word_1_372' title='bbox 853 4343 977 4400; x_wconf 84' lang='lat' dir='ltr'>t‘mtnna</span> <span class='ocrx_word' id='word_1_373' title='bbox 994 4315 1191 4403; x_wconf 80' lang='lat' dir='ltr'>lrrrrnaaaram</span> <span class='ocrx_word' id='word_1_374' title='bbox 1213 4361 1314 4406; x_wconf 81' lang='grc' dir='ltr'><strong>ιιιιιιιι</strong></span> <span class='ocrx_word' id='word_1_375' title='bbox 1337 4346 1470 4420; x_wconf 78' lang='lat' dir='ltr'>regimen</span> <span class='ocrx_word' id='word_1_376' title='bbox 1494 4349 1544 4407; x_wconf 73' lang='lat' dir='ltr'>oh</span> 
     </span>
     <span class='ocr_line' id='line_1_44' title="bbox 407 4429 1541 4510; baseline 0.004 -18"><span class='ocrx_word' id='word_1_377' title='bbox 407 4431 515 4493; x_wconf 85' lang='lat' dir='ltr'>tineat.</span> <span class='ocrx_word' id='word_1_378' title='bbox 552 4430 611 4492; x_wconf 81' lang='lat' dir='ltr'>Curi</span> <span class='ocrx_word' id='word_1_379' title='bbox 634 4431 766 4507; x_wconf 84' lang='lat' dir='ltr'>opinioni</span> <span class='ocrx_word' id='word_1_380' title='bbox 789 4431 921 4492; x_wconf 84' lang='lat' dir='ltr'>russensit</span> <span class='ocrx_word' id='word_1_381' title='bbox 944 4438 977 4491; x_wconf 88' lang='lat' dir='ltr'>et</span> <span class='ocrx_word' id='word_1_382' title='bbox 999 4429 1190 4508; x_wconf 84' lang='lat' dir='ltr'>[Sallustius]</span> <span class='ocrx_word' id='word_1_383' title='bbox 1213 4432 1384 4510; x_wconf 84' lang='lat' dir='ltr'>historicus,</span> <span class='ocrx_word' id='word_1_384' title='bbox 1409 4435 1460 4510; x_wconf 83' lang='lat' dir='ltr'>qrtl</span> <span class='ocrx_word' id='word_1_385' title='bbox 1484 4435 1541 4497; x_wconf 85' lang='lat' dir='ltr'>alt:</span> 
     </span>
     <span class='ocr_line' id='line_1_45' title="bbox 407 4518 833 4598; baseline -0.002 -15"><span class='ocrx_word' id='word_1_386' title='bbox 407 4519 462 4583; x_wconf 78' lang='lat' dir='ltr'>seu</span> <span class='ocrx_word' id='word_1_387' title='bbox 479 4518 616 4598; x_wconf 77' lang='lat' dir='ltr'>proiecto</span> <span class='ocrx_word' id='word_1_388' title='bbox 635 4518 758 4582; x_wconf 75' lang='lat' dir='ltr'>torinna</span> <span class='ocrx_word' id='word_1_389' title='bbox 777 4523 833 4582; x_wconf 78' lang='lat' dir='ltr'>eta</span> 
     </span>
    </p>
   </div>
   <div class='ocr_carea' id='block_1_5' title="bbox 0 0 1642 5032">
    <p class='ocr_par' dir='ltr' id='par_1_16' title="bbox 0 0 1642 5032">
     <span class='ocr_line' id='line_1_46' title="bbox 0 0 1642 5032; baseline 0 0"><span class='ocrx_word' id='word_1_390' title='bbox 0 0 1642 5032; x_wconf 95' lang='lat' dir='ltr'> </span> 
     </span>
    </p>
   </div>
  </div>
 </body>
</html>
