3308 5120
860 369 1288 406 Ι
1644 389 1645 398 Ι

680 623 722 689 53

110 818 192 881 euim
216 817 370 904 epistulae
393 815 433 882 ml
457 815 664 902 Allobrogum
689 816 899 904 uragistrutus,
921 839 1001 902 qum
1017 826 1110 881 aratea
1132 819 1278 882 recitatae
1374 817 1376 822 ’

110 933 208 1000 errant,
237 921 408 1012 quidquam
436 921 710 1004 demonstrabant,
738 931 801 988 tam
832 932 923 987 etrite
953 925 1281 1010 eerupesitaeeraut3

109 1028 169 1094 hue
198 1038 302 1096 atatem
332 1030 485 1117 epistula,
514 1051 595 1117 quae
627 1051 701 1094 ease
732 1051 846 1116 prensa
876 1037 959 1110 erat,
991 1028 1034 1094 ita
1062 1028 1177 1094 trrrbati
1207 1038 1282 1096 sunt

110 1137 274 1218 enniumti,
296 1145 332 1202 ut
355 1135 479 1201 infitiari
504 1159 566 1202 non
585 1134 748 1202 auderent.
772 1175 814 1184 —

217 1247 269 1310 45.
314 1241 561 1308 Prehensionem
585 1243 818 1308 coniuratorum
840 1266 898 1329 per
920 1241 1065 1308 Flaccum
1089 1251 1121 1307 et
1140 1241 1282 1330 Pompti-

111 1373 184 1414 uum
208 1359 370 1437 praetores
403 1347 573 1415 Sallustius
602 1351 828 1414 conuenienter
860 1371 932 1413 eum
964 1347 1117 1414 Cicerone
1153 1347 1227 1431 (ΠΙ.
1250 1352 1282 1430 5)

110 1465 223 1522 ιιιιιιιιι.
262 1455 376 1522 (licem
399 1455 440 1521 de
463 1479 501 1521 ea
516 1479 549 1522 re
565 1456 693 1521 uberius
709 1455 796 1536 dicit,
819 1465 855 1520 ot
875 1455 944 1542 ipse
961 1477 995 1520 se
1016 1453 1143 1520 laudare
1165 1454 1280 1542 possim

110 1562 279 1628 Sallustius
302 1585 388 1628 more
412 1585 470 1628 sue
493 1562 621 1629 silentio
644 1561 813 1650 praeterit,
834 1584 914 1649 quae
937 1561 977 1627 ab
1001 1561 1054 1627 illo
1076 1560 1161 1626 laeta
1184 1571 1281 1628 erant

110 1668 162 1734 Ita
186 1668 406 1755 intellegimus,
429 1693 486 1736 cur
508 1671 660 1757 seriptum
677 1672 719 1734 sit
734 1693 751 1734 a
768 1668 928 1748 Sallustio,
951 1669 1062 1735 Gallos
1078 1669 1141 1733 rito
1156 1670 1282 1754 euyteile

110 1776 246 1841 eerrsilio
269 1777 337 1842 sine
360 1798 447 1842 mom
464 1776 660 1864 praetoribus
684 1800 718 1841 se
734 1775 902 1841 tradidisse
908 1801 918 1856 ;
941 1798 1016 1840 uum
1031 1775 1142 1841 Cleua
1164 1797 1219 1840 ees
1242 1774 1283 1840 de

110 1882 242 1948 consilio
266 1905 324 1948 sue
347 1883 483 1949 celavit?
514 1883 629 1949 Nonne
654 1882 823 1949 Sallustius
846 1883 915 1969 ipse
937 1885 1043 1967 (trs)
1065 1889 1157 1946 autea
1178 1903 1285 1947 naara·

110 1991 174 2071 uit,
203 2012 259 2055 eos
289 1989 453 2057 Ciceronis
484 1993 572 2056 iussu
601 1991 726 2076 egisse?
763 1989 878 2054 Nonae
908 1987 1077 2055 uerisimile
1105 1997 1170 2069 est,
1200 1973 1285 2053 blane

110 2095 328 2184 prelreusienis
360 2096 489 2163 niodum
522 2121 561 2162 ex
592 2098 749 2164 sententia
776 2118 883 2162 eorum
919 2094 1093 2162 adhibitum
1127 2117 1213 2176 esse,
1244 2117 1285 2161 ue

110 2213 218 2290 aperte
241 2202 399 2269 delatores
422 2203 614 2285 viderentur,
644 2205 672 2269 si
694 2203 802 2269 literas
825 2203 944 2268 eousuli
969 2211 1082 2289 sponte
1105 2201 1311 2268 tmderentl.

109 2310 223 2398 Hagen
257 2310 386 2376 Sallusti
419 2313 629 2377 narrationem
662 2311 743 2376 tueri
776 2310 901 2390 studet,
933 2331 1003 2374 eum
1033 2307 1136 2390 dieat,
1176 2331 1284 2375 earnes

110 2418 338 2484 transactiones
365 2426 436 2482 eram
465 2416 568 2483 Gallis
596 2441 615 2483 a
644 2416 748 2504 Sauga
783 2417 907 2483 babitus
937 2439 1023 2496 esse,
1060 2415 1220 2482 censalem
1245 2437 1285 2482 se

110 2524 277 2591 retinuisse
283 2549 293 2606 3
319 2522 375 2590 sed
398 2524 494 2590 niuria
517 2547 555 2590 ea
576 2547 651 2590 eum
665 2522 856 2590 ‹lesendemli
873 2534 930 2590 est.
962 2523 1169 2610 Nequaquam
1185 2521 1286 2588 eredi-

109 2630 173 2698 bile
196 2640 255 2711 est,
277 2632 408 2716 legates,
432 2632 486 2718 qui
501 2633 689 2718 gravitatem
707 2633 751 2696 rei
767 2653 830 2696 nou
847 2633 1035 2717 ignorarent,
1057 2652 1128 2695 eum
1151 2629 1286 2718 simplici

110 2747 256 2804 senatore
280 2738 487 2824 egissemus
511 2739 628 2804 neruiui
653 2739 794 2825 ignotum
818 2748 913 2819 esset,
942 2745 1061 2824 «quante
1084 2735 1189 2803 studio
1211 2758 1286 2802 eon·

111 2845 159 2908 sul
183 2845 374 2911 documenta
396 2845 588 2932 suspicionis
611 2867 687 2910 suae
714 2854 888 2932 ‹prat-reret.
934 2843 1102 2910 Sallustius
1125 2846 1194 2932 ipse
1221 2865 1287 2910 me-

112 2961 221 3032 ruerat,
248 2973 304 3017 eos
333 2975 372 3017 ex
402 2953 513 3017 notitia
541 2975 598 3017 sun
621 2974 715 3039 qrmm
742 2951 912 3016 uraaimmu
942 2949 1140 3016 eomruudum
1162 2949 1286 3016 trabere

112 3057 266 3138 uoluisse;
299 3058 409 3124 eonsul
441 3069 556 3138 autem,
590 3068 758 3146 postqrrmn
788 3081 807 3124 a
839 3068 950 3124 senatu
981 3057 1088 3124 reiecti
1113 3066 1203 3138 suut,
1232 3057 1287 3122 vix

112 3163 217 3229 denae
241 3187 296 3230 ees
319 3163 359 3230 ad
382 3187 417 3231 se
440 3165 630 3246 aduusisset,
653 3165 713 3230 uisi
736 3165 852 3231 cert-ior
874 3163 976 3230 laetus
999 3173 1092 3244 esset,
1106 3187 1172 3230 ¹eos
1195 3163 1285 3230 aliana

113 3293 178 3336 rem
201 3292 308 3335 secum
331 3280 519 3338 tractaturos
543 3294 623 3338 esse.
665 3269 849 3337 Introduxit
872 3295 927 3337 eos
951 3271 1065 3357 Sauga,
1087 3293 1188 3358 neque
1211 3291 1287 3336 vem

112 3400 183 3442 erun
208 3379 253 3442 eis
277 3401 372 3465 pono
395 3380 469 3465 egit.
523 3377 574 3458 Ei,
603 3379 657 3465 qai
682 3399 720 3444 ue
745 3378 843 3465 pilum
866 3377 994 3466 (pridem
1016 3377 1089 3444 boui
1114 3377 1174 3443 viri
1197 3376 1288 3444 Ciee-

112 3483 181 3549 roni
212 3485 363 3566 tribuunt,
397 3484 447 3570 bis
472 3485 578 3551 uerbis
608 3485 674 3551 uixi
705 3479 798 3550 oraine
826 3484 991 3551 (icerouis
1019 3485 1163 3550 ruentum
1194 3507 1288 3570 nega·

113 3600 236 3656 verunt.
269 3591 517 3658 Cerreerlemlum
542 3602 602 3670 est,
624 3614 696 3658 eum
719 3591 890 3657 ambitioue
913 3590 1043 3657 ductum
1059 3589 1151 3657 Fabii
1165 3589 1288 3678 Sangae

113 3719 227 3763 neureu
244 3691 454 3785 praeteriisse,
477 3707 511 3762 ut
534 3701 603 3786 ipse
619 3708 718 3764 totam
733 3697 858 3764 laudem
877 3697 1015 3765 baberet.
1049 3697 1161 3785 Neque
1184 3707 1288 3764 tanren

15 3893 17 3898 ,
114 3803 232 3869 ideireo
248 3803 411 3869 Ciceronis
436 3805 581 3870 meritum
597 3804 722 3892 Sangae
738 3804 939 3870 trilmemlum
956 3816 1014 3870 est.
1047 3803 1130 3871 Sane
1144 3803 1289 3891 gloriatio

114 3910 251 3976 eerrsulis
274 3918 363 3974 tauta
384 3909 456 3990 luit,
485 3919 519 3976 ut
552 3912 645 3977 nimis
669 3934 782 3998 uragna
804 3911 845 3976 tle
868 3934 903 3977 se
927 3912 995 4000 ipse
1017 3911 1212 3998 loqueretur;
1243 3913 1290 3977 sie

9 4055 11 4082 t
113 4015 174 4082 boe
197 4017 277 4096 loeo,
309 4025 344 4082 ut
368 4038 418 4082 res
440 4019 569 4103 grauior
591 4017 746 4100 uideatur,
775 4018 876 4084 relert
897 4040 1048 4105 perpetum
1080 4019 1289 4084 commissam
1332 4075 1333 4079 ,

115 4122 347 4188 interventione
369 4133 550 4210 praetorum
573 4123 715 4190 sedatam
740 4147 819 4190 esse.
864 4125 1011 4190 Forsitan
1034 4123 1124 4212 plebs
1147 4123 1289 4189 Rorrmna

9 4231 10 4312 ]
116 4251 177 4294 uon
211 4227 314 4294 ruiuus
346 4228 422 4295 talia
453 4228 640 4311 crediderit,
677 4254 770 4318 ιμιιιιιι
806 4233 974 4297 eoneiones
1007 4240 1132 4296 nostrae
1163 4231 1290 4310 aetatis;

9 4313 11 4380 l
115 4345 219 4400 tauren
242 4335 437 4422 probabilius
461 4335 629 4402 Sallustius
653 4338 795 4426 scripsit:
834 4339 924 4402 (lulli
950 4339 1023 4403 aitte
1047 4359 1138 4402 arcora
1161 4359 1195 4401 ae
1218 4343 1287 4401 lra-

9 4453 11 4472 '
114 4441 209 4526 alaerit,
235 4441 421 4510 l'ullureius
433 4444 546 4531 primo
559 4444 671 4530 plautio
686 4467 754 4510 seu
773 4445 988 4511 tierrlb'lmliue
1002 4431 1156 4535 ‹leseulliq
1175 4443 1291 4509 dolrada
