3308 5120
82 801 234 877 Sallustio
267 819 397 899 propter·
427 833 565 876 araorem
597 809 745 876 Caesaris
777 810 872 874 tacita
904 831 988 889 esse,
1020 815 1125 874 cetera
1151 817 1255 874 autern

83 920 248 984 immutata
276 919 471 984 remansisse.
516 915 581 982 Sed
609 939 680 981 cunr
708 937 747 980 ex
776 914 922 980 carnibus
949 915 1138 980 testimoniis
1160 937 1257 1004 appa·

84 1033 165 1104 reat,
198 1025 447 1110 obiurgationenr
478 1023 624 1089 Caesaris
654 1023 754 1088 faisse
784 1044 937 1088 surrrurara
968 1023 1132 1102 orationis,
1164 1045 1256 1109 quarn

84 1129 166 1196 Cato
198 1129 356 1208 habuerit,
387 1129 447 1196 hac
481 1130 739 1217 interpretatione
763 1128 932 1194 Sallustius
965 1127 1046 1193 uralo
1069 1126 1257 1194 defenditur.

84 1237 196 1323 Neque
221 1237 304 1302 euim
327 1235 458 1302 aliorum
478 1236 574 1302 verba
597 1237 640 1302 ita
668 1235 851 1302 commutari
881 1234 1012 1316 debent,
1041 1243 1077 1299 ut
1094 1236 1259 1302 sententia

83 1344 244 1408 contraria
278 1343 339 1408 liat.
385 1343 527 1408 Maximo
560 1341 711 1408 Sallustio
746 1341 859 1408 lrorrori
892 1351 956 1422 est,
993 1342 1020 1407 si
1059 1339 1259 1408 concedimus

84 1450 244 1516 orationes
272 1449 312 1514 ab
340 1471 379 1515 eo
408 1473 494 1516 more
521 1450 721 1536 antiquorum
749 1449 939 1536 scriptorum
962 1449 1152 1536 corapositas
1175 1470 1259 1528 cssc;

84 1555 242 1622 rlretorico
265 1559 348 1622 crrirrr
368 1556 518 1622 Sallustio
541 1565 663 1622 tanturn
687 1555 790 1632 laudis
813 1555 966 1630 tribuunt.
988 1563 1139 1642 quantum
1161 1555 1261 1622 histo·

85 1664 150 1728 rico
173 1664 320 1751 scriptori
342 1663 520 1730 (letrahunt.
566 1665 674 1750 Atque
698 1663 853 1728 incentum
875 1671 938 1742 est,
966 1672 1070 1727 utrum
1093 1661 1260 1728 Sallustius

84 1769 154 1856 ipse
188 1770 349 1857 specimen
383 1771 459 1836 artis
489 1770 677 1850 rlrctoriore,
711 1793 750 1835 arr
778 1792 892 1835 ¹aeram
929 1767 1130 1834 traditionem
1164 1768 1261 1857 pluris

85 1875 207 1941 feccrit.
252 1876 296 1941 Et
320 1877 351 1942 in
371 1877 517 1944 Caesaris
537 1875 694 1942 interdura
718 1879 770 1960 (ἓξ
788 1880 840 1957 30,
852 1881 914 1960 33),
937 1885 970 1942 et
993 1876 1024 1941 ia
1048 1883 1117 1942 tote
1131 1875 1261 1943 Catonis

85 1983 227 2048 oratione
251 1983 343 2049 facile
371 1984 626 2069 recognoscirrrus
654 1982 804 2063 eundem,
833 1984 887 2070 qui
917 1983 1007 2048 initio
1034 1982 1106 2048 libri
1132 2005 1262 2071 corrup-

85 2089 204 2156 tionem
228 2113 348 2155 ruorunr
372 2100 440 2156 toto
462 2113 502 2156 ex
526 2091 631 2155 aainro
646 2091 885 2156 commiseratus
901 2101 959 2156 est.
1004 2090 1110 2156 Paene
1125 2090 1264 2156 oblectat·

86 2195 204 2278 videre,
227 2220 322 2283 qrram
345 2197 461 2278 siurilis
476 2197 607 2264 Catonis
632 2197 692 2263 viri
716 2198 909 2284 integerrimi
924 2197 1094 2264 Sallustius
1110 2195 1283 2278 rideatur„

85 2302 112 2368 si
137 2303 229 2369 nobis
253 2303 284 2369 in
313 2305 494 2369 memoriam
528 2327 728 2386 revocamus,
760 2305 828 2369 eius
857 2305 955 2369 vitam
982 2313 1016 2370 ct
1042 2303 1199 2391 publicana
1231 2313 1265 2370 et

86 2409 242 2496 privatam
264 2409 349 2476 haud
372 2411 415 2476 ita
438 2433 549 2498 puram
578 2411 687 2477 luisse.
739 2409 804 2477 Scrl
833 2409 873 2478 de
901 2411 960 2476 lrac
987 2433 1021 2478 re
1049 2410 1129 2476 ialin
1155 2411 1264 2499 loquo·

85 2540 164 2582 mur.
216 2517 288 2582 Hae
316 2518 475 2584 omtioues
502 2541 522 2584 a
549 2517 701 2584 Sallustio
728 2518 964 2584 accuratissime
991 2518 1150 2606 expolitae
1176 2527 1266 2598 sunt,

85 2623 222 2690 fortasse
246 2634 282 2689 ut
304 2647 375 2689 errrrr
393 2624 547 2691 Cicerone
563 2633 672 2690 certet„
718 2624 840 2690 Linlrer
860 2624 931 2690 loco
954 2623 1082 2691 laudato
1099 2625 1161 2690 hoc
1183 2624 1264 2691 adeo

85 2753 270 2818 persuasura
298 2729 407 2812 habet,
435 2741 469 2796 ut
492 2730 615 2813 erodat,
643 2731 829 2798 Sallustium
858 2734 888 2797 irr
917 2731 1083 2798 scribendo
1106 2731 1265 2798 orationes

85 2836 250 2904 Ciceronis
273 2839 304 2903 in
328 2839 473 2905 manibus
496 2839 658 2921 habuisse,
685 2849 780 2927 atque
809 2839 959 2905 nonnulla
986 2840 1018 2904 in
1042 2839 1173 2905 Catonis
1196 2861 1266 2906 ora-

86 2944 173 3009 tione
201 2947 232 3027 (§
256 2949 310 3029 35)
338 2946 504 3012 errrenelare
532 2944 661 3012 studeat
690 2947 796 3013 vorbis
826 2945 999 3013 Ciceronis
1062 2945 1132 3012 Nos
1159 2955 1264 3012 tamen

86 3073 182 3138 supra
210 3051 337 3138 saepius
364 3053 585 3136 cognovirrms,
612 3052 797 3119 Sallustium
820 3053 983 3120 Ciceronis
1011 3053 1109 3119 libros
1131 3076 1194 3119 uon
1218 3055 1266 3118 in·

87 3158 232 3244 spexisse
255 3156 297 3223 ad
319 3161 577 3225 comraerrtarirun
601 3183 693 3224 suurn
715 3159 956 3247 perficiendnar;
988 3160 1156 3226 verborum
1179 3160 1266 3226 sirni-

86 3262 221 3330 litudine
251 3287 355 3330 renna
384 3266 594 3354 discrepantia
625 3289 687 3332 rrorr
719 3270 860 3332 amoveri
889 3276 945 3332 ant
973 3267 1123 3333 occultari
1150 3275 1266 3356 potest.

87 3369 121 3436 Si
151 3393 224 3437 curn
248 3371 401 3438 Cicerone
429 3374 575 3454 certarit,
604 3375 741 3440 cenarit
769 3383 850 3454 arte,
877 3397 941 3440 non
968 3372 1030 3440 tide
1053 3397 1172 3456 rcmm;
1202 3397 1266 3462 quo

86 3475 207 3544 factum
230 3489 290 3560 cst,
313 3489 348 3545 ut
370 3490 480 3567 quarta
505 3479 668 3547 Ciceronis
692 3482 803 3563 oratio,
826 3483 971 3568 quamvis
994 3491 1061 3548 arte
1085 3481 1267 3556 minusflo-

88 3593 170 3665 reat,
202 3609 295 3672 quam
320 3587 458 3673 reliquae
480 3598 560 3667 tres,
591 3583 742 3652 historico
766 3589 866 3675 magis
890 3587 1026 3676 placcat,
1055 3610 1148 3676 qaam
1170 3589 1267 3654 artili-

89 3691 195 3757 ciosao
218 3691 360 3757 Sallustii
384 3689 623 3760 elaborationes.
668 3694 818 3761 Ceterum
842 3692 982 3760 Schnorr
1003 3719 1068 3760 ron
1090 3693 1266 3764 Carolsseld

88 3796 145 3862 has
169 3799 328 3863 orationes
352 3820 448 3885 oriere
471 3823 529 3864 suo
552 3809 615 3866 taur
639 3811 786 3867 accurate
809 3802 967 3884 tractavit,
990 3812 1023 3866 ut
1040 3825 1122 3868 noro
1138 3804 1268 3868 inventa

92 3903 159 3970 lieri
183 3904 238 3970 vix
262 3903 394 3990 possint.

198 4014 251 4094 532
279 4014 331 4076 54.
382 4011 547 4089 Quoniam
574 4035 624 4080 res
646 4015 821 4094 olrtulcrot,
845 4016 977 4082 ar'lcrrtio
995 4016 1176 4103 prociona
1198 4037 1267 4084 aron

89 4117 159 4201 suit
190 4115 342 4183 Sallustio
372 4119 565 4204 coresilr'rua,
595 4121 678 4207 pain
712 4122 885 4208 utriusque
913 4129 1073 4189 araturam
1102 4129 1133 4188 et
1161 4145 1267 4190 arom

89 4224 248 4308 operiret,
281 4223 427 4292 Caesaris
459 4226 578 4292 scilicet
611 4237 644 4293 et
676 4226 818 4295 Catonis.
863 4229 984 4296 For-sarr
1014 4232 1114 4318 magis
1141 4231 1173 4296 ia
1201 4253 1267 4297 rom

90 4327 205 4396 fuisset
230 4327 394 4398 Ciceronis
418 4355 520 4398 mores
544 4343 577 4398 et
599 4335 757 4421 ingenium
782 4335 952 4418 illustrare,
983 4338 1100 4426 quippe
1129 4341 1182 4426 qni
1206 4319 1267 4404 lroc

89 4435 272 4502 aanoillos
300 4441 428 4504 omuino
456 4439 672 4507 obscuraverit
679 4466 689 4523 ;
721 4441 778 4508 scel
807 4441 847 4510 rle
870 4441 1035 4510 Ciceronis
1063 4445 1175 4511 merito
1198 4444 1267 4512 Sal·
