3308 5120
563 688 590 695 -.
649 594 691 661 63

83 794 196 861 Cicero
223 788 351 878 quiidcm
381 790 450 878 ipsc
474 789 505 854 in
527 797 637 876 alnarta
660 790 799 854 oratione
823 787 931 874 lingit,
963 787 1068 854 arnaria
1090 812 1110 854 a
1131 795 1253 870 sennua,

84 899 162 964 nihil
193 898 233 965 ab
266 898 337 985 ipso
368 895 487 962 laeuam
516 918 601 978 csse,
638 895 692 960 scd
719 893 889 961 Sallustius
922 895 948 958 si
980 917 1051 960 eam
1080 897 1253 960 oraticnem

85 1007 284 1094 inspexisset,
307 1026 370 1069 non
395 1005 507 1083 minus,
529 1024 622 1088 quirini
646 1025 702 1066 nos
725 1001 944 1083 intellexisset,
966 1001 1152 1067 Ciceronem
1168 1023 1206 1066 ea
1220 1023 1254 1066 re

85 1113 222 1191 cavisse,
253 1133 293 1174 ne
320 1111 392 1196 quis
421 1119 529 1197 postea
557 1131 592 1174 se
619 1116 786 1174 accussaret.
836 1107 930 1186 Qirae
961 1106 1002 1173 dc
1037 1107 1255 1174 interlectione

87 1218 319 1283 coniuratonma
339 1214 508 1282 Sallustius
530 1215 667 1303 scripsit,
688 1215 821 1280 fortasse
841 1215 910 1302 ipse
926 1237 1076 1302 praesens
1091 1215 1257 1302 spectavit,

87 1347 123 1390 ac
155 1325 254 1410 inagis
287 1322 355 1388 eins
386 1323 523 1388 naturatio
555 1309 686 1408 placet,
706 1343 800 1408 quarn
832 1320 994 1386 Plutarchi
1029 1319 1107 1404 (Cic.
1137 1324 1191 1404 22)
1224 1329 1258 1386 et

89 1430 227 1518 Appiani
265 1427 322 1512 (Π.
348 1431 394 1514 6),
434 1428 490 1516 qui
528 1427 680 1508 releuant,
719 1427 905 1494 Ciceronem
940 1429 1093 1515 stipatum
1129 1435 1258 1493 caterva

91 1533 376 1630 inconnumerati
403 1530 590 1625 ἀνθρώπων
614 1557 863 1621 ιιηυηιψιειηᾳυε
887 1534 1119 1599 coniunctorum
1142 1555 1182 1598 ex
1204 1555 1259 1598 cu·

89 1643 193 1708 stadia
222 1643 254 1707 in
283 1663 440 1708 carcerem
470 1640 649 1708 deduxisse.
692 1640 788 1707 Certo
817 1639 987 1707 Sallustius
1012 1641 1118 1706 verius
1146 1649 1260 1720 nnrmt,

89 1773 185 1814 tinum
217 1749 387 1816 lentulum
417 1771 436 1813 a
464 1749 617 1816 Cicerone
644 1746 811 1814 deductum
842 1769 926 1814 csse:
955 1741 1058 1813 ‘idem
1087 1747 1203 1813 ceteris
1223 1747 1261 1812 lit

90 1879 148 1944 per
174 1848 360 1944 praetores'.
406 1855 609 1921 Praetoribus
638 1856 719 1920 euim
746 1878 810 1919 non
833 1853 962 1935 licebat,
993 1853 1177 1935 Lentulum,
1206 1855 1260 1940 qui

90 1963 159 2050 ipsc
181 1973 309 2050 practer
331 1971 430 2044 esset,
453 1961 655 2050 prehendere.
699 1961 812 2048 Hagen
837 1984 899 2026 non
923 1961 1031 2048 inepte
1054 1969 1158 2049 putat,
1179 1960 1262 2026 hanc

92 2071 266 2156 speciosam
294 2091 443 2156 pompam
471 2090 534 2134 non
561 2067 694 2134 alienam
723 2090 793 2134 esse
816 2091 836 2134 a
859 2069 998 2134 vanitme
1022 2068 1175 2151 consulis,
1204 2065 1262 2134 aed

92 2187 312 2263 praeterquam
343 2175 430 2263 quod
462 2175 583 2242 nobiles
614 2175 745 2241 Romani
781 2177 849 2241 eius
880 2174 1059 2262 gloriationi
1089 2197 1153 2240 non
1182 2173 1263 2241 adeo

93 2281 243 2348 indultori
266 2282 414 2364 luissent,
437 2282 550 2348 Cicero
573 2282 634 2348 iam
658 2293 721 2374 tum
742 2283 846 2348 oninia
863 2282 993 2364 vimbat,
1015 2305 1095 2369 quae
1111 2280 1263 2348 invidiam

93 2411 181 2454 stram
205 2412 319 2476 ningere
342 2399 498 2477 poterant
542 2388 655 2476 Itaque
670 2387 819 2456 Sallustio
842 2389 873 2454 in
897 2389 956 2455 liae
975 2411 1010 2454 re
1026 2388 1103 2456 tides
1118 2387 1265 2456 habenda

94 2505 152 2562 est
198 2496 304 2563 Etiam
327 2495 414 2583 quod
436 2497 523 2562 iussu
547 2496 778 2561 triumvirorum
801 2505 834 2575 et
857 2498 971 2583 Ιαιμιοο
994 2495 1147 2562 comitanti
1167 2498 1265 2563 inter-

94 2602 170 2668 lecti
202 2612 289 2686 saint,
326 2603 389 2668 lano
421 2604 565 2691 pertinet
610 2601 692 2668 Nam
720 2625 791 2668 cnm
824 2602 997 2669 triumviris
1028 2603 1108 2690 (lege
1138 2603 1266 2692 Papiria
1355 2600 1361 2609 ’

95 2710 256 2798 toaleas)
285 2710 521 2798 peregrinorum
550 2719 582 2776 et
611 2731 770 2776 servornm
800 2709 957 2797 supplicia
980 2708 1129 2776 mandata
1150 2717 1266 2792 essent,

95 2815 208 2882 Cicem
237 2815 392 2898 ostendit,
426 2817 497 2882 illos
526 2839 589 2882 non
619 2817 680 2882 iarn
706 2819 808 2897 cives,
830 2815 886 2882 scd
916 2816 1026 2883 hostes
1054 2838 1138 2898 esse,
1171 2837 1266 2904 quam

95 2923 276 3010 opinionem
308 2924 341 2989 in
373 2935 485 3011 quanta
515 2926 656 2990 oratione
686 2924 809 2990 fortiter
837 2922 1001 2989 defensam
1035 2945 1107 2991 esse
1141 2923 1266 2990 scimus
1341 2977 1342 2982 1

96 3028 264 3095 Sallustius
287 3053 350 3095 non
375 3029 484 3095 incidit
507 3030 538 3097 in
562 3053 697 3097 errorem
712 3052 830 3111 conatu,
852 3030 906 3117 qni
922 3031 1155 3096 coniumtonim
1170 3033 1267 3096 inter·
1307 3029 1312 3036 ’

96 3136 266 3202 lectionem
290 3129 431 3202 ‘necem'
455 3137 554 3204 irrisae
577 3135 696 3219 dicant,
723 3138 882 3224 quianon
906 3137 1046 3224 legitime
1069 3136 1267 3204 condemnati

96 3252 200 3323 crant3
223 3244 368 3329 quamvis
391 3242 555 3310 Ciceronis
578 3243 774 3310 adversarius
798 3244 911 3326 fuerit,
934 3267 1004 3310 cunr
1028 3244 1088 3311 hae
1111 3243 1152 3310 de
1174 3267 1268 3311 causa

97 3371 136 3414 uc
159 3371 223 3413 niro
245 3348 374 3435 quidem
398 3351 496 3417 verbo
520 3351 668 3439 increpat,
690 3351 903 3432 consentiat,
926 3373 1082 3417 summum
1101 3353 1151 3418 ius
1168 3351 1269 3439 potis·

97 3457 210 3520 situum
234 3455 266 3520 in
290 3457 385 3524 rebus
408 3457 543 3546 publicis
566 3480 636 3524 esse
659 3480 809 3524 summam
833 3458 988 3524 iniuriam.

205 3561 378 3651 Postquam
402 3566 611 3631 coniurationi
636 3565 666 3629 in
690 3565 766 3630 urbe
790 3565 860 3630 linis
884 3565 988 3632 factas
1011 3574 1075 3647 cst,
1102 3565 1269 3632 Sallustius

98 3667 138 3732 ad
168 3669 272 3756 ipsum
298 3670 468 3737 Catilinam
498 3671 593 3754 redit;
625 3670 675 3736 hic
703 3695 740 3738 ex
763 3672 859 3738 ourani
880 3673 989 3758 eopia,
1023 3669 1126 3759 quam
1148 3673 1271 3762 etipse

29 3837 31 3840 .
99 3776 281 3842 adduxerat
302 3783 333 3843 et
347 3777 501 3844 Manilius
523 3779 690 3862 innuant,
712 3779 796 3844 diros
821 3780 959 3864 lepioues
981 3779 1143 3846 instituit.
1168 3778 1271 3845 Sallu·

98 3883 178 3949 stitis
208 3905 303 3972 supra
330 3888 408 3971 (cap.
432 3887 485 3967 32)
507 3883 644 3967 dixerat,
671 3884 836 3952 Catilinam
859 3881 947 3951 ‘cum
970 3880 1091 3974 paucis'
1114 3886 1146 3951 in
1168 3893 1272 3953 castas

100 3989 274 4077 praelectum
297 4012 382 4070 esse,
404 3989 490 4078 quod
514 4013 533 4056 a
555 3990 707 4058 Cicerone
729 3993 944 4076 continuatur,
971 3991 1029 4059 sed
1053 4015 1124 4058 eum
1146 3991 1272 4059 Pluton·

14 4093 15 4100 '
100 4097 177 4162 clius
193 4095 270 4180 (Cic.
289 4099 341 4180 16)
357 4106 472 4177 naret,
494 4119 565 4162 earu
587 4121 661 4162 cum
686 4101 835 4165 tuce-eutis
857 4100 998 4166 ornaretis
1021 4099 1148 4182 abiisse,
1170 4097 1272 4166 Sallu·

100 4205 180 4270 stius
207 4225 269 4270 non
300 4202 527 4292 vituperandus
549 4214 607 4270 est.
652 4203 750 4270 Erant
774 4205 907 4272 trecenti
930 4229 987 4295 pro
1011 4229 1049 4272 ea
1072 4204 1272 4272 multitudine

100 4333 175 4378 sane
205 4313 295 4399 pauci
301 4360 310 4392 ,
344 4333 439 4399 quiam
467 4310 608 4376 Manlius
636 4321 793 4398 coegerat,
827 4311 884 4378 sed
912 4334 984 4379 cram
1012 4313 1123 4378 murati
1157 4322 1273 4390 essent,

102 4421 213 4485 uiiuun
244 4443 307 4485 nou
338 4430 403 4502 est,
438 4417 523 4505 ‹prnl
552 4441 659 4484 corani
688 4417 854 4486 Sallustius
888 4420 1080 4486 intentionenr
1112 4420 1201 4504 lecit,
1234 4442 1274 4487 aa
