3300 5128
311 847 473 918 propterea
491 842 613 919 tertium
633 840 728 902 solum
747 841 858 901 beilum
870 839 1103 900 liitbririutlcum
1119 836 1268 913 retulerit,
1287 853 1351 897 curu
1376 835 1441 897 eius

314 930 407 991 initiis
426 931 512 992 siruul
531 946 628 990 mores
647 928 729 1003 regis
748 945 785 988 ec
802 928 913 1003 prioris
925 927 1008 986 vitae
1021 927 1103 985 iacta
1115 942 1173 984 aaa
1187 927 1367 986 obumbrare
1379 941 1439 984 noa

314 1017 420 1093 potuit
440 1017 498 1077 Cui
515 1018 581 1077 loco
600 1016 775 1084 orationem,
804 1031 880 1088 qnae
898 1013 1041 1074 bellaturi
1053 1013 1136 1087 regis
1148 1013 1303 1088 postulate
1314 1012 1441 1072 maxime

314 1105 429 1179 quidem
453 1105 541 1164 utilia
563 1102 628 1162 t'ore
646 1102 716 1174 iliis,
741 1119 760 1160 a
784 1103 890 1174 quibus
909 1102 1083 1161 societatem
1102 1102 1302 1174 auxiliumque
1324 1109 1442 1175 petunt,

314 1193 359 1252 sia
378 1192 484 1262 nuans,
502 1192 609 1251 saltem
627 1206 686 1249 non
703 1189 874 1264 peruiciosa
891 1189 1076 1248 demonstret
1094 1219 1130 1228 -
1149 1205 1187 1247 ea
1204 1188 1281 1248 eaba
1299 1194 1349 1247 est
1365 1204 1442 1247 earn·

312 1280 407 1339 munis
426 1277 520 1353 Trogi
539 1278 684 1338 orationis
701 1276 899 1350 Sallrrstiiqne
918 1275 1067 1351 epistulae
1085 1276 1163 1336 ratio
1182 1306 1215 1318 —
1235 1275 1354 1336 annecti
1368 1274 1442 1350 opn's

316 1367 372 1427 tuit
389 1372 422 1426 et
440 1371 532 1440 certe,
550 1366 577 1426 si
595 1381 655 1441 que
672 1365 781 1425 inisset
800 1365 903 1436 allate,
923 1362 1132 1424 admiscuisset
1149 1369 1180 1422 et
1198 1363 1371 1424 Sallustius.

323 1505 325 1510 .
395 1451 458 1514 Sed
484 1468 522 1512 ne
550 1447 670 1512 alasiam
699 1451 890 1511 consenuisse
917 1450 1031 1520 videar,
1058 1467 1149 1524 porro
1177 1451 1238 1510 elie
1265 1458 1444 1525 argumenta

315 1541 456 1602 distinete
474 1557 615 1617 propono.
652 1539 713 1599 llla
737 1540 814 1598 eaba
834 1537 981 1615 epistulae
1001 1545 1033 1598 ct
1051 1539 1196 1598 orationis
1215 1555 1337 1611 summa,
1356 1555 1443 1612 qnam

315 1629 394 1705 apud
423 1635 579 1704 utrumque
602 1628 778 1704 scriptorem
806 1628 943 1701 legimus,
971 1643 1040 1686 unm
1063 1627 1206 1687 communi
1229 1644 1267 1688 ex
1289 1627 1372 1686 laute
1395 1627 1444 1686 ‹ie-

317 1723 436 1792 snmpta
465 1717 514 1786 sit.
542 1717 728 1793 perquirenti
755 1715 836 1788 urssil,
865 1721 898 1775 ut
920 1716 950 1774 iu
978 1715 1073 1775 lucem
1100 1716 1307 1790 protrabatur,
1336 1731 1446 1789 omnes,

315 1807 421 1880 quibus
440 1806 485 1865 uti
503 1806 664 1880 potueriat,
683 1804 830 1864 historiae
844 1811 982 1864 auctores
1002 1804 1033 1862 ia
1052 1813 1178 1864 trientem
1197 1810 1353 1864 venerunt
1385 1802 1446 1862 Sei

316 1894 431 1954 t'rustre
450 1909 501 1952 eos
520 1893 590 1954 adii.
626 1893 695 1953 Etsi
713 1893 743 1953 iu
763 1909 864 1953 orriues
882 1899 971 1952 tanna
989 1892 1045 1951 iuti
1063 1892 1178 1952 invidia
1196 1893 1353 1954 saeviebat
1371 1898 1443 1951 tem·

317 1983 399 2058 poris
418 1981 569 2054 iniquitas,
599 1986 632 2039 ut
659 1979 819 2040 multorum
846 1986 970 2055 praeter
998 1995 1104 2039 neuneu
1131 1980 1248 2040 nourrisi
1276 1979 1448 2054 fragmenta

317 2071 402 2130 aubis
426 2069 619 2142 relinqueret
647 2085 705 2128 uon
727 2087 888 2144 paucorum
911 2085 950 2127 ne
973 2070 1048 2128 baec
1073 2070 1188 2142 quidem
1212 2085 1266 2129 uos
1289 2075 1447 2144 pateretur

317 2159 489 2232 resciscere,
509 2163 609 2217 terum
628 2175 665 2217 ex
683 2157 721 2218 iis
740 2158 878 2218 hausisse
898 2164 1018 2218 nostros
1037 2165 1071 2218 ut
1088 2164 1225 2233 putemus
1244 2175 1302 2218 noa
1322 2174 1446 2219 commo·

319 2247 459 2306 vebimur.
497 2245 668 2321 Scriptores
697 2247 747 2319 qui
776 2247 851 2305 talia
874 2262 1002 2304 narrare
1029 2252 1199 2321 potuerant,
1223 2246 1326 2320 qualia
1343 2245 1449 2320 nostri,

318 2351 382 2404 cum
401 2350 577 2395 enatuerare
595 2334 716 2412 longam
735 2342 784 2395 est
798 2342 861 2394 tnm
874 2334 932 2393 iem
946 2333 1051 2394 meiius
1065 2334 1145 2410 apud
1157 2335 1321 2395 Linkemm
1335 2335 1375 2410 (p.
1391 2334 1450 2408 lu),

321 2422 511 2494 Iordanumb
543 2425 584 2498 (p.
612 2423 631 2482 u
653 2423 739 2496 sqq),
769 2421 925 2482 Nicolaum
954 2421 1003 2492 (II
1029 2440 1058 2498 p.
1077 2423 1130 2482 187
1153 2421 1237 2496 sqq),
1268 2422 1450 2494 Peterumb,

319 2510 505 2584 Muellerum,
524 2510 700 2571 'scabellum
723 2511 818 2585 legas.
862 2509 1053 2570 Dubitationi
1076 2511 1132 2570 tibi
1154 2510 1284 2571 iortnsse
1308 2512 1451 2572 subortae

321 2605 352 2660 et
369 2599 510 2659 facillime
529 2606 562 2659 et
584 2599 750 2659 certissime
769 2597 1021 2673 respondebimus,
1042 2598 1068 2658 ei
1088 2614 1264 2673 persuesma
1283 2599 1339 2660 tibl
1357 2598 1451 2658 inerit

321 2704 432 2748 mecum
445 2686 656 2758 consideranti,
674 2687 800 2761 primum
813 2686 850 2744 de
863 2685 1068 2758 quibusdam’)
1088 2685 1209 2746 illerum
1225 2703 1279 2746 uos
1298 2687 1450 2761 ignorare,

321 2791 473 2850 quousque
492 2773 649 2833 scribendo
667 2773 804 2846 reliquiis
822 2789 860 2832 ex
878 2771 951 2834 solis
975 2774 1079 2850 primis
1101 2773 1187 2834 libris
1211 2775 1362 2851 excerptis
1380 2790 1448 2852 per·
1508 2773 1517 2781 '
1644 2759 1647 2772 ’

321 2861 468 2934 venerint,
495 2875 591 2935 neque
614 2861 644 2920 ld
667 2875 755 2934 posse
779 2859 895 2934 coniici,
920 2860 1030 2921 deinde
1058 2860 1095 2921 cie
1124 2861 1201 2935 aliis,
1229 2862 1373 2936 quomodo
1401 2879 1452 2922 res
1525 2933 1528 2938 ¹

322 2949 543 3010 liitbsidotlcas
562 2947 740 3022 fragmentis
759 2963 797 3006 ue
816 2949 955 3009 tenuibus
974 2949 1091 3025 quidem
1105 2955 1143 3009 'et
1159 2951 1273 3011 nuntiis
1291 2952 1378 3012 nobis
1390 2968 1452 3013 ser·

321 3036 401 3098 vatis
420 3036 631 3108 tractaverint,
650 3041 712 3095 tum
732 3035 769 3094 de
789 3036 866 3109 aliis,
892 3053 969 3111 quae
988 3043 1125 3112 tempora
1141 3038 1293 3100 mamardo
1311 3040 1375 3100 siut
1393 3057 1452 3100 am·

321 3124 410 3200 plexi,
428 3124 513 3184 nobis
531 3139 591 3184 uon
610 3124 703 3196 trarii3
730 3125 891 3184 norruullos
913 3132 1065 3201 postremo
1089 3142 1126 3184 ex
1148 3142 1249 3186 eornm
1273 3129 1453 3203 scriptorum

265 3241 269 3250 ·
322 3229 419 3288 grege
438 3213 541 3287 fuisse,
560 3213 610 3288 qni
623 3211 727 3274 Sullae
746 3221 779 3274 et
797 3213 931 3289 Pompeii
949 3230 999 3275 res
1018 3215 1049 3274 ia
1068 3231 1168 3274 eorum
1187 3215 1330 3278 bonorum
1345 3233 1453 3290 rauguo
1579 3265 1582 3272 .

394 3445 415 3514 q
433 3443 627 3502 serenetur
666 3412 1453 3534 increscentemquesermuscomngu'rera

351 3583 359 3602 ο
392 3515 416 3602 J)
433 3515 602 3572 iicuaauaus
656 3519 712 3572 eter
744 3520 863 3573 veteram
892 3516 1077 3574 bretoneorum
1113 3518 1290 3574 &manorum
1326 3518 1454 3591 reliqurse

327 3583 528 3729 ψῆοῦιξῖουιι·
550 3653 847 3780 Siseuusmograerlico,
870 3653 914 3726 qui
936 3673 1002 3740 opus
1026 3654 1091 3712 belli
1115 3655 1201 3716 civilis
1226 3654 1382 3742 Sullanique
1405 3657 1456 3784 im

248 3783 254 3794 '
324 3723 407 3862 {odia
417 3722 1136 3878 1ζιῗὶιιὸ)ιι”ιῗῖὲ”ιιι9ιῗιήιἶιῖἷιὴῗιξιῖῗιῖἷῗιὛιῖζαὲ
1138 3725 1220 3850 ”cliiii
1232 3727 1384 3868 waiet
1392 3743 1457 3853 ὦ

304 3863 513 3938 iniunctam
530 3879 582 3920 uon
598 3869 665 3919 sstm
683 3868 789 3918 constan
826 3863 858 3919 lu
877 3881 928 3936 quo
946 3869 1134 3936 argumentans
1150 3865 1279 3948 epistulse
1292 3869 1398 3924 uosbse
1410 3881 1455 3922 ex·

326 3933 412 3992 titiam
430 3931 480 3990 tibi
502 3932 627 4003 probanti
651 3933 723 4002 (uam
743 3933 807 4000 irat
836 3932 885 3988 128
908 3933 985 3990 Pet:
1009 3935 1148 4000 ,Romnae
1171 3933 1325 3996 miereudse
1346 3935 1458 4008 pernicii

326 4017 407 4060 eausa
433 4001 545 4058 senisse*
562 4001 644 4058 rerba
658 4019 715 4056 esee
733 4001 899 4059 biitbridatis
916 4007 965 4059 sut
981 4003 1059 4059 auius
1076 4021 1109 4060 ex
1132 4003 1188 4059 eius
1210 4003 1321 4060 ducibus
1344 4005 1459 4062 coniecit

326 4071 404 4130 Riese
414 4073 440 4144 ⁸)
457 4087 484 4142 p.
501 4070 536 4127 63
554 4087 616 4128 suu.
639 4071 667 4140 2)
684 4087 791 4128 ocurro:
814 4073 853 4129 nt
868 4089 938 4128 sarrs
960 4071 1026 4128 baec
1044 4072 1127 4128 ibreii
1150 4073 1238 4158 opinio
1262 4070 1370 4130 vitietur
1390 4090 1458 4132 esse.

326 4141 439 4198 beaute
458 4139 526 4223 quod
542 4140 668 4196 Sisennae
679 4139 746 4196 aue
757 4139 912 4214 abroganda
925 4145 975 4210 est,
992 4157 1051 4198 cum
1069 4143 1152 4198 etium
1164 4157 1192 4197 m
1209 4141 1321 4199 bistoris
1332 4141 1458 4200 obnoxius

329 4211 365 4267 sit
382 4210 526 4275 nobilitati,
544 4209 671 4266 Sallustio
688 4209 815 4278 interisse,
839 4215 918 4282 atque
934 4210 1050 4282 principi
1067 4212 1156 4283 gerba
1178 4209 1325 4280 Corneliae,
1348 4229 1459 4286 quarum

328 4297 358 4336 es
384 4295 494 4336 namra
517 4279 624 4350 etipse
647 4279 728 4336 inerit
750 4295 871 4352 aeques
895 4279 1016 4351 pertibus
1040 4278 1201 4337 uicerunt
1236 4279 1313 4350 Adde
1346 4281 1460 4338 uomodo

329 4347 447 4406 liritrius
467 4349 626 4434 inpraecist
643 4347 677 4405 ud
695 4348 760 4405 sut
779 4351 878 4422 tregru.
894 4366 922 4420 p.
939 4349 1017 4434 lii'll
1036 4349 1193 4407 rciuisrerit
1205 4347 1300 4408 Gerlse
1322 4351 1329 4368 '
1358 4351 1459 4424 opinio·

329 4433 390 4476 aera
408 4419 442 4476 eci
460 4435 522 4476 assi.
540 4418 651 4490 ΜΡ)
669 4418 721 4475 rob
739 4417 781 4477 iii
799 4435 827 4494 p.
841 4417 877 4474 48
893 4435 925 4476 ex
942 4417 1047 4476 avem
1063 4419 1234 4493 propositam.
1369 4465 1373 4472 .

329 4577 417 4706 ma
428 4575 515 4634 liebus
537 4575 585 4634 aa·
608 4573 839 4636 (lescbicbtsserb
861 4576 909 4636 des
933 4577 965 4636 b.
982 4577 1121 4638 Cornelius
1144 4531 1265 4638 Sisenes,
1299 4577 1462 4640 rotmari

470 4645 652 4721 munierit.
659 4645 1073 4723 retiatum-nemausumque
1080 4649 1252 4726 nortonam.
1264 4649 1375 4726 helpen
1382 4649 1461 4712 18⁰5.

366 4719 408 4802 ”l
499 4731 546 4776 sue
567 4715 749 4780 ieet-ieet.
1087 4779 1089 4786 ,
