3308 5120
395 755 490 824 aretari
511 755 600 822 enim
623 753 715 842 eopia
729 777 812 842 pura
828 759 949 840 spicaria
964 761 1035 820 erat
1051 754 1254 820 militaribus
1269 753 1374 820 ueneris
1390 753 1564 823 instruatu.

395 865 486 930 Haeo
508 864 578 951 ipsa
599 870 702 927 autem
727 860 857 949 prerunia
881 883 1037 926 aruuuum
1067 860 1259 927 incredibilis
1289 870 1389 942 esset,
1421 865 1448 926 si
1472 862 1566 929 Meu·

395 971 471 1051 lius,
494 979 529 1035 nt
556 991 650 1056 supra
678 968 837 1032 nuntiavit
860 965 1037 1048 Sallustius,
1059 990 1170 1033 revera
1192 966 1265 1033 inde
1291 990 1311 1033 a
1332 968 1470 1034 comitiis
1492 969 1563 1034 arani

396 1079 520 1164 banjos
544 1075 713 1140 exereitum
737 1074 930 1160 paravisset;
959 1073 1094 1162 scriptor
1115 1074 1175 1139 hoo
1196 1074 1267 1139 loeo
1290 1073 1500 1154 deruoustmt,
1529 1098 1565 1142 se

395 1206 491 1271 snpra
521 1182 682 1248 erravisse.
729 1179 930 1246 Generaliter
962 1180 1022 1245 iam
1051 1180 1103 1246 hio
1131 1180 1297 1266 dicendum
1327 1189 1391 1262 est,
1423 1179 1563 1248 Sallustii

395 1291 603 1356 narrationem
632 1286 785 1353 adversus
816 1287 909 1352 linem
937 1287 1008 1352 libri
1036 1287 1276 1375 probabiliorem
1300 1309 1385 1369 esse,
1416 1310 1487 1353 eum
1512 1288 1566 1355 illa

395 1397 495 1485 prima
517 1395 672 1482 deceptio,
693 1416 756 1481 (pua
779 1394 880 1459 uraior
901 1416 973 1481 pars
996 1395 1208 1460 eorrrrnentarii
1230 1394 1361 1476 labeant,
1384 1397 1445 1460 iam
1461 1395 1565 1462 minus
1645 1427 1650 1436 ·

395 1503 507 1569 valeat.
552 1501 643 1581 Quae
666 1499 706 1568 de
730 1523 862 1566 nurnero
885 1509 919 1566 et
940 1501 1091 1588 (penditote
1107 1502 1262 1568 exereitus
1278 1501 1395 1590 scripta
1412 1499 1565 1581 ridemus,

395 1631 457 1675 non
487 1609 579 1674 minis
605 1618 749 1674 securata
780 1617 870 1688 sunt,
901 1605 1035 1694 ideoque
1058 1607 1276 1704 anteponenda
1299 1610 1394 1674 certis
1417 1609 1565 1687 numeris,

394 1739 475 1805 quos
521 1714 605 1803 apud
643 1714 787 1781 Graecos
835 1721 979 1780 auctores
1026 1714 1211 1782 invenimus
1278 1715 1446 1803 Appianas
1492 1715 1564 1802 plus

317 1909 320 1916 Δ
395 1823 506 1910 viginti
530 1821 654 1910 milibus
677 1821 777 1887 fuisse
802 1830 909 1886 rrermt
930 1820 986 1903 (ΙΙ.
1004 1824 1044 1906 7),
1066 1822 1118 1888 alii
1142 1822 1235 1888 alium
1260 1844 1424 1898 atrrnerum
1438 1821 1564 1903 habeat,

394 1929 450 1996 sed
479 1951 602 2018 pugnae
630 1929 683 1994 vix
711 1928 772 1994 tria
800 1927 884 1994 milia
913 1927 1125 1995 interfuerunt
1151 1929 1226 2010 (Dio
1250 1931 1377 2014 37,40).
1423 1927 1563 1994 Dubium

394 2047 452 2118 est,
475 2059 514 2102 aa
538 2034 616 2102 duas
638 2035 788 2122 legiones,
811 2057 943 2122 ‹ptrauun
959 2037 1077 2101 mentio
1093 2047 1151 2118 est,
1173 2036 1282 2124 plenas
1298 2035 1457 2118 habuerit,
1480 2033 1563 2102 haud

394 2145 461 2210 seio
492 2167 532 2210 an
565 2142 642 2210 duas
674 2144 874 2231 potissimam
908 2142 1093 2224 instituerit,
1131 2143 1203 2230 qrria
1237 2144 1264 2208 is
1301 2143 1461 2231 legitimus
1497 2152 1565 2210 erat

393 2251 551 2338 legionum
568 2273 714 2316 numerus
730 2250 762 2314 iu
777 2251 919 2315 exercitu
935 2250 1082 2331 consulis,
1097 2252 1185 2315 euim
1201 2259 1392 2338 potestatem
1407 2250 1466 2317 sibi
1479 2273 1565 2316 arro-

392 2368 532 2445 gaverat.
562 2357 748 2444 Legitimam
764 2357 848 2422 euim
861 2356 998 2445 speeiem
1013 2379 1105 2444 quam
1118 2359 1252 2423 maxime
1268 2378 1396 2423 serrare
1408 2357 1565 2438 studebat,

395 2475 427 2530 et
442 2487 511 2531 eam
527 2465 568 2530 ob
584 2487 647 2530 rem
664 2486 784 2544 servos,
807 2465 862 2550 qui
878 2463 1020 2530 fidissimi
1039 2464 1182 2546 fuissent,
1205 2463 1401 2552 repudiabat
1417 2503 1459 2513 -
1475 2463 1564 2544 Quid

299 2566 306 2580 ’
372 2571 469 2642 ,inde
492 2595 511 2638 a
532 2571 728 2659 profectione
752 2593 853 2658 usque
883 2569 923 2636 ad
946 2570 1056 2638 Nonas
1079 2571 1272 2637 Decembres
1295 2570 1433 2638 Catilina
1456 2570 1565 2659 egerit,

394 2679 486 2747 nobis
509 2671 670 2745 nonsatis
694 2677 844 2743 traditum
869 2687 933 2759 est;
960 2677 1101 2745 Sallustii
1125 2687 1228 2744 autem
1252 2679 1389 2745 narratio
1412 2701 1483 2744 eant
1503 2699 1565 2765 per

396 2792 520 2853 tramites
544 2787 605 2851 iter
626 2786 739 2871 scrisse
764 2807 869 2872 erepere
891 2787 1091 2852 delusionem.
1115 2787 1293 2874 permeandi
1319 2786 1453 2868 dedisse,
1482 2786 1562 2850 dum

394 2895 519 2960 Romae
540 2893 621 2959 socii
643 2893 772 2981 incepta
793 2895 1029 2981 purtenrisseut,
1053 2893 1084 2958 in
1109 2916 1143 2959 se
1167 2893 1345 2959 verisimilis
1361 2901 1419 2959 est
1462 2893 1565 2958 Anto-

394 3001 466 3066 nins
488 3002 514 3066 si
538 2999 669 3066 edoctus
693 3010 774 3080 enat,
797 2997 1016 3067 Saturnalibus
1041 2999 1149 3066 urbem
1173 3000 1334 3067 incensum
1359 3000 1412 3080 iri,
1441 2999 1564 3066 intelle-

393 3129 468 3195 gere
491 3128 666 3196 possumus,
689 3131 744 3172 eur
767 3105 888 3172 tatrrdiu
905 3095 1043 3173 moratus
1059 3109 1116 3186 sit;
1140 3107 1316 3173 interiectio
1331 3109 1564 3173 coniuratorum

394 3215 503 3282 urbem
525 3215 682 3292 servavit,
715 3217 775 3278 iam
800 3213 920 3280 diutins
943 3214 1104 3280 Antonius
1128 3215 1217 3281 otiari
1240 3237 1303 3280 non
1327 3214 1447 3302 potuit,
1475 3235 1565 3303 prae·

394 3324 502 3388 sertim
525 3344 596 3388 eum
619 3321 774 3388 Catilinae
798 3323 956 3412 exereitus
979 3322 1010 3387 in
1034 3321 1103 3388 dies
1126 3320 1360 3388 diminueretur.
1404 3320 1470 3401 Qui
1493 3343 1564 3386 enan

394 3427 526 3510 rideret,
549 3451 582 3490 se
607 3429 753 3494 resistere
776 3429 839 3493 iam
864 3451 925 3494 non
949 3452 1054 3517 luisse,
1077 3431 1218 3515 reliquos
1242 3430 1373 3514 utaperis
1389 3429 1566 3496 itineribus

395 3536 431 3600 in
464 3559 581 3622 apiaria
613 3535 847 3602 Pistoriensem
881 3537 1027 3620 nlrdemii,
1071 3543 1108 3602 ut
1146 3537 1265 3603 onerate
1299 3538 1489 3623 perserperet
1527 3537 1563 3600 in

400 3645 544 3709 (talliam
563 3642 831 3730 Transalpinam.
856 3641 991 3710 Dietsolr
1010 3644 1129 3732 optime
1145 3644 1287 3724 eouieeit,
1309 3665 1421 3710 rocem
1440 3643 1562 3709 Trans·

394 3748 546 3838 alpinam
568 3746 809 3838 interpolatione
826 3750 857 3815 in
881 3749 994 3816 librum
1016 3753 1151 3831 venisse,
1173 3773 1245 3816 eum
1261 3749 1399 3817 dubitari
1422 3759 1566 3836 nequeat,

394 3858 470 3944 quin
502 3856 542 3923 ad
573 3856 761 3944 Allobrogas
794 3857 827 3923 in
860 3856 1053 3946 Cisalpinam
1085 3857 1220 3925 Galliam
1252 3857 1412 3944 fugiturus
1443 3857 1566 3924 fnisset

393 3962 513 4030 Tamen
536 3962 615 4029 haee
644 3963 846 4051 interpolatio
873 3964 950 4030 satis
978 3964 1105 4051 antiqua
1133 3973 1195 4047 est,
1232 3988 1302 4030 earm
1333 3987 1371 4030 ea
1398 3964 1566 4032 manifesto

394 4071 562 4158 Appianas
586 4068 731 4136 inductus
754 4070 807 4152 sit,
830 4081 865 4136 nt
888 4069 1047 4152 erederet,
1070 4071 1238 4138 Catilinam
1262 4074 1293 4137 in
1318 4071 1456 4160 Alpibus
1478 4095 1567 4139 mon·

395 4177 480 4244 tibus
502 4178 750 4244 circumventum
775 4200 856 4245 esse.
878 4219 918 4228 —
936 4177 1086 4246 Cetemm
1110 4201 1160 4244 res
1181 4177 1410 4267 geographieae
1432 4178 1567 4246 difficul-

395 4293 491 4350 tatem
521 4307 583 4350 nou
611 4283 742 4364 halrent5
772 4283 888 4373 Hagen
911 4286 1019 4352 nautas
1043 4286 1149 4353 uerbis
1171 4306 1224 4351 eas
1248 4294 1376 4366 traetat,
1410 4307 1480 4354 earm
1504 4309 1565 4354 nou

395 4391 572 4480 intellegat,
608 4415 664 4457 cur
682 4413 744 4479 per
768 4393 918 4460 truuriies
940 4391 1076 4460 Catilina
1101 4392 1253 4458 Faesulis
1275 4395 1307 4458 iu
1330 4417 1438 4482 ugnuu
1462 4375 1568 4461 Pisas
