3308 5120
368 832 578 898 mnruenr‘bus
622 835 816 915 cerupuunt.
882 827 1050 893 Sallustius
1097 827 1370 913 interrogationem
1412 827 1542 892 aliorum

369 939 497 1019 omittit,
519 936 560 1002 dc
583 958 645 1023 qua
660 935 773 1002 Cicero
795 935 923 1022 copiose
942 932 1080 1014 dianae
1103 956 1141 1000 ac
1161 955 1201 1000 ne
1215 933 1248 998 iu
1264 931 1401 998 Lentulo
1415 931 1542 1020 quidem

370 1051 531 1125 memorat,
554 1065 625 1110 eum
649 1042 680 1106 irr
704 1039 873 1107 recitandis
897 1041 943 1106 eis
965 1040 1076 1121 literis,
1098 1063 1230 1126 quarum
1254 1040 1433 1127 exemplum
1449 1060 1544 1126 supra

370 1151 609 1239 scriptumest,
637 1146 852 1236 perturbatum
876 1146 1055 1212 eonsessmu
1079 1169 1159 1214 esse.
1205 1145 1372 1213 Sallustius
1395 1167 1454 1212 suc
1476 1145 1544 1212 iure

370 1255 525 1323 einsrncdi
562 1255 823 1342 interrogationes
859 1254 891 1320 iu
930 1237 1063 1319 historia
1096 1253 1272 1342 praeteriit,
1309 1253 1426 1340 quippe
1464 1275 1544 1340 quae

370 1364 520 1430 momenti
551 1361 667 1427 nullius
697 1362 776 1442 siut,
810 1370 908 1426 totaur
940 1382 1006 1427 renr
1035 1358 1275 1448 comprehendit
1309 1359 1414 1426 verbis
1443 1359 1546 1445 igitur

366 1471 519 1559 perlectis
532 1469 636 1535 literis
647 1473 782 1533 serratus
793 1469 947 1533 deceruit.
972 1466 1088 1553 Hagen
1103 1465 1185 1532 hanc
1201 1477 1314 1533 ueram
1330 1465 1544 1533 recitationem
1611 1473 1616 1484 '

367 1597 441 1642 csse
468 1585 571 1656 ratus,
603 1597 674 1640 eum
702 1572 787 1662 apud
817 1573 1003 1640 Ciceronem
1036 1573 1111 1654 (ΙΙΙ.
1140 1577 1194 1657 12)
1220 1573 1319 1640 altera
1347 1573 1475 1639 Lentuli
1504 1571 1544 1640 ad

371 1681 540 1749 Catilinam
570 1680 704 1768 epistula
732 1681 863 1746 recitata
893 1681 949 1762 sit,
980 1679 1039 1775 bis
1054 1681 1235 1746 coniuratos
1257 1705 1275 1746 a
1299 1680 1427 1746 consule
1450 1680 1546 1746 inter·

369 1799 498 1878 rogatas
522 1810 593 1854 esse
616 1796 732 1852 censet.
777 1787 901 1853 Auctor
923 1790 1038 1854 erroris
1062 1787 1177 1854 Cicero
1200 1796 1263 1869 cst,
1291 1788 1345 1875 qui
1369 1787 1431 1854 iam
1454 1795 1545 1853 antea

371 1896 445 1980 (ΙΙΙ.
468 1894 536 1980 IV)
559 1895 591 1961 in
615 1895 764 1960 maiorem
786 1894 835 1959 sui
857 1894 989 1982 gloriam
1012 1893 1226 1977 similaverat,
1247 1918 1282 1960 sc
1305 1893 1345 1960 rle
1368 1893 1428 1960 hae
1449 1894 1547 1962 altera

371 2003 507 2092 epistula
530 2001 676 2068 edoctum
700 2000 809 2066 luisse.
847 2000 961 2068 Cicero
983 2009 1089 2067 autem
1113 2001 1182 2090 ipse
1205 2005 1273 2090 (pne
1296 2001 1384 2068 Sulla
1406 2005 1470 2087 41),
1493 2002 1545 2069 ubi

371 2109 412 2177 cle
444 2109 673 2198 perscriptione
701 2109 845 2196 responsi
878 2106 1044 2175 Gallorum
1074 2119 1108 2174 et
1136 2109 1367 2174 canirrratorrun
1402 2117 1546 2176 accurate

371 2217 451 2303 ugit,
483 2215 609 2304 sarepius
633 2236 742 2280 ιιιιιιιιι
766 2215 929 2282 iudicium
951 2237 1021 2282 ase
1036 2214 1256 2304 pervulgatum
1280 2237 1349 2282 esse
1372 2215 1475 2283 rlocet.
1512 2215 1546 2284 Si

277 2398 279 2404 ¹
373 2344 486 2390 revera
513 2320 682 2388 Sallustius
715 2320 767 2388 bie
797 2321 877 2388 «luas
911 2322 1173 2408 interrogationes
1201 2320 1424 2406 intellexisset,
1456 2323 1550 2390 nimis

370 2429 504 2496 obscure
520 2429 719 2508 narravisset,
735 2451 835 2518 neque.
853 2453 928 2496 roro
941 2453 1009 2494 earn
1022 2429 1142 2494 obrem
1157 2428 1218 2495 boc
1233 2430 1304 2496 loco
1317 2429 1543 2519 vituperandus

373 2546 431 2603 est.
476 2535 570 2615 Quae
597 2545 724 2600 senatu-
754 2535 908 2616 cloerrrit,
938 2563 954 2600 a
980 2535 1132 2601 Sallustio
1154 2539 1263 2620 (47,4)
1285 2559 1348 2603 non
1371 2537 1464 2627 plena
1488 2546 1551 2603 tra·

372 2643 440 2710 dita
467 2650 560 2724 sunt..
595 2643 703 2730 Atque
731 2641 816 2730 quod
845 2667 908 2709 uon
931 2665 1055 2722 onmes,
1087 2644 1142 2730 qui
1165 2644 1197 2709 in
1220 2643 1349 2709 liber-uu
1373 2643 1548 2711 eustorliaur

374 2749 593 2830 tradebantur,
630 2751 840 2828 euumcmuit,
877 2747 1054 2815 laudandus
1088 2761 1152 2831 est,
1189 2773 1292 2837 neque
1319 2750 1401 2816 cuim
1430 2771 1549 2839 paenae

375 2855 599 2923 sceleratorum
623 2856 783 2922 bominum
808 2857 1026 2923 memorabiles
1051 2867 1133 2922 sunt.
1179 2855 1348 2924 Sallustius
1364 2879 1440 2923 uero
1455 2859 1548 2924 etiam

374 2962 414 3030 de
447 2963 690 3051 supplicatione,
728 2985 808 3050 qnae
841 2962 1006 3030 Ciceronis
1038 2964 1165 3030 neruiue
1193 2962 1321 3030 decreta
1343 2973 1406 3046 est,
1437 2966 1549 3047 tacuit;

375 3069 494 3136 dixerit
516 3071 682 3157 quispiam,
706 3091 746 3135 nc
770 3091 838 3136 eam
862 3067 990 3156 quidem
1015 3070 1250 3136 memorabilem
1273 3091 1358 3153 esse,
1380 3081 1412 3138 et
1435 3071 1468 3136 id
1491 3095 1550 3138 sue

375 3177 453 3258 iure,
475 3176 531 3242 sed
554 3201 623 3240 rma
643 3175 810 3242 Sallustius
825 3176 865 3242 ab
881 3177 1018 3264 antiquis
1034 3177 1192 3242 annalium
1210 3178 1416 3267 scriptoribus
1431 3201 1550 3245 morem

375 3283 539 3372 receperit,
565 3299 596 3347 ru
622 3281 782 3372 prodigia,
804 3305 885 3371 quae
909 3283 1003 3349 etiam
1029 3286 1158 3350 vaniora
1181 3294 1265 3365 sunt,
1288 3294 1411 3351 enarret
1434 3289 1551 3369 (30,2),

376 3390 622 3478 supplicaciones
659 3412 784 3477 quoque
821 3411 909 3456 more
947 3389 1070 3456 illorum
1106 3390 1327 3458 memorandae
1365 3403 1462 3458 crant.
1516 3391 1552 3460 Si

377 3497 569 3585 supplicatio
592 3496 645 3563 alii
668 3494 802 3576 cnidum,
824 3519 862 3562 ac
878 3495 1024 3563 Ciceroni
1047 3496 1176 3563 decreta
1197 3508 1292 3580 essct,
1314 3497 1399 3564 baud
1423 3501 1489 3566 seio
1511 3522 1551 3566 au

377 3603 567 3684 rettulisset,
596 3625 697 3691 neque
725 3603 808 3669 eninr
837 3603 868 3669 in
897 3603 958 3683 cis,
990 3626 1071 3691 quae
1100 3613 1183 3670 tacet
1206 3603 1388 3687 Sallustius,
1416 3606 1551 3694 partium

377 3709 484 3776 studio
517 3708 598 3775 liber
631 3720 689 3775 eet.
734 3708 788 3776 Sic
818 3709 879 3776 boc
910 3709 981 3776 loco
1015 3707 1152 3798 primuni
1185 3710 1305 3778 Caesar
1334 3734 1404 3779 emrr
1436 3713 1552 3780 Crasso

378 3817 558 3883 nominatur·
580 3817 612 3882 io
635 3838 766 3882 nurnero
789 3839 907 3897 eerrnn,
930 3817 1045 3905 quibus
1061 3818 1218 3884 coniurati
1234 3818 1415 3900 traductum
1437 3830 1553 3907 quanta

377 3932 484 3989 autem
508 3922 700 3988 insimulatio
722 3923 755 3988 iu
779 3945 817 3990 ea
836 3947 871 3989 rc
887 3922 993 4003 fuerit,
1017 3947 1079 3990 nou
1096 3925 1277 4014 expositum
1293 3936 1352 4008 est,
1374 3936 1409 3991 ut
1425 3924 1553 3994 Caesari

377 4039 534 4118 pareatur.
579 4028 692 4116 Neque
720 4039 825 4096 tamen
848 4023 966 4118 pariter
989 4031 1125 4098 Crassus
1149 4040 1315 4112 tractatum
1344 4031 1384 4098 dc
1407 4055 1446 4099 co
1468 4034 1554 4100 cuim

379 4135 486 4201 statim
510 4159 582 4202 cum
606 4136 638 4201 in
661 4134 789 4201 modurn
806 4136 918 4224 agitur,
942 4147 975 4202 nt
993 4160 1110 4204 nocens
1126 4136 1282 4220 videatur,
1305 4137 1433 4206 Caesari
1449 4148 1553 4208 auteur

378 4240 474 4330 paulo
497 4252 572 4329 post
593 4242 662 4309 laus
685 4241 794 4308 divina
816 4243 974 4310 tribuitur.

487 4351 541 4414 48.
585 4347 692 4415 Etiam
714 4371 795 4436 quac
818 4361 1000 4438 stuprantur,
1022 4373 1086 4416 uou
1106 4350 1174 4417 siue
1197 4352 1242 4418 ira
1264 4373 1302 4418 uc
1318 4351 1423 4420 studio
1439 4355 1554 4444 scripta

380 4464 469 4535 sunt,
503 4477 604 4541 uequc
634 4455 717 4523 euirrr
747 4454 788 4522 ‹le
814 4455 932 4546 gaudio
959 4457 1077 4525 eir-ium
1106 4457 1252 4540 referens¹
1279 4473 1445 4546 urcnrorut,
1475 4459 1555 4528 banc
