3308 5120
363 739 480 828 publici
507 739 678 805 adversarii
705 738 788 804 bona
817 738 877 803 fide
905 762 963 804 uon
992 739 1135 825 agnorit3
1164 741 1259 804 etiam
1288 749 1394 805 nostra
1423 748 1523 805 aetate

365 844 511 926 vidimus,
533 845 778 932 magnitudinem
802 845 853 910 vel
877 845 1080 930 insignissimi
1103 848 1134 910 in
1155 845 1289 934 publicis
1305 843 1399 912 rebus
1414 844 1524 911 aduer-

365 952 437 1018 sarii
461 975 479 1018 a
502 952 609 1018 multis
632 952 665 1017 in
687 951 815 1017 dubium
840 952 949 1016 vocari.
990 951 1170 1018 Sallustium
1190 961 1298 1017 autem
1313 951 1344 1016 in
1361 951 1524 1018 scribendo

364 1058 533 1124 factionum
549 1058 656 1124 studio
672 1080 732 1124 nou
751 1057 882 1123 liberum
897 1056 1004 1132 baisse,
1027 1069 1155 1145 apparet
1169 1081 1208 1124 ex
1224 1060 1339 1124 ceteris
1354 1057 1395 1124 ad
1412 1057 1523 1126 librum

365 1164 433 1230 cius
449 1165 672 1246 notationibrm,
694 1187 774 1250 quae
795 1163 836 1229 ad
859 1165 926 1230 eins
939 1163 1108 1230 relationes
1123 1163 1161 1230 ad
1177 1165 1345 1232 Caesarem
1362 1165 1525 1253 pertinent

471 1270 618 1338 Caesaris
651 1270 752 1358 priora
782 1271 928 1335 irmentus
956 1293 1020 1334 non
1049 1273 1115 1336 sinc
1143 1270 1374 1360 vituperatione
1401 1281 1524 1360 peraeta

366 1386 428 1457 est;
459 1377 519 1444 hoo
547 1377 619 1444 loco
646 1379 758 1444 ceteris
786 1379 910 1444 omissis
936 1400 1135 1464 quaeramus,
1165 1387 1270 1443 utram
1298 1400 1368 1444 eum
1392 1377 1524 1445 Catilina

365 1493 584 1571 pcmranenter
606 1485 789 1550 coniunctus
813 1484 914 1549 firerit.
956 1485 1008 1548 Ae
1039 1484 1124 1570 prior
1145 1485 1318 1550 coniuratio
1341 1487 1408 1550 sinc
1431 1483 1551 1550 dubio·

365 1613 385 1655 a
406 1590 541 1657 Caesare
564 1591 708 1656 instituta
731 1601 806 1672 crat,
828 1590 970 1672 Catilina,
993 1599 1031 1655 ut
1045 1589 1188 1673 vidimus,
1203 1591 1351 1657 Caesaris
1374 1592 1524 1657 voluntati

366 1697 565 1764 inserviebat.
603 1697 679 1786 Ipse
695 1696 861 1763 Sallustius
878 1697 1031 1763 Catilinae
1050 1721 1120 1762 eum
1137 1697 1253 1763 Crasso
1277 1698 1525 1764 coniunctionem

366 1805 442 1870 satis
465 1807 633 1892 perspicue
656 1804 818 1892 significat,
840 1802 1005 1870 Caesarem
1030 1803 1139 1869 eadem
1161 1805 1282 1870 ratione
1307 1813 1445 1885 excusat,
1466 1827 1526 1891 qua

366 1910 511 1977 Ciceroni
542 1911 785 1977 obtrectaverat:
821 1909 951 1976 silentio.
975 1950 1018 1959 -
1043 1909 1147 1977 Crassi
1176 1909 1439 1978 insimulationem
1472 1935 1527 1999 per

365 2017 570 2104 Tarquinium
593 2017 710 2084 factam
734 2019 776 2083 ita
799 2016 959 2098 describit,
992 2027 1028 2081 ut
1052 2017 1167 2082 aliirtim
1190 2018 1314 2083 linrrata
1338 2018 1526 2106 argurucntis

367 2122 524 2205 videatur,
555 2127 582 2190 si
606 2135 711 2190 aatcrrr
734 2123 865 2191 Catulus
893 2135 923 2188 et
949 2123 1028 2188 Piso
1054 2122 1136 2188 idem
1157 2122 1197 2188 de
1221 2123 1359 2191 Caesare
1382 2123 1527 2206 indicant,

365 2230 450 2296 hune
472 2231 667 2298 incusatione
691 2253 795 2296 earnm
818 2252 947 2319 purgare
962 2229 1079 2296 studet
1111 2229 1279 2317 Nunquam
1295 2231 1413 2298 Caesar
1426 2233 1527 2297 minus

367 2337 502 2404 feliciter
524 2347 556 2404 et
579 2335 662 2404 dixit
685 2348 716 2404 et
739 2340 812 2424 egit,
833 2360 925 2424 ‹prram
947 2338 979 2402 in
995 2337 1071 2401 forti
1087 2336 1269 2404 defensione
1286 2339 1528 2421 conirrrutorunn

368 2453 472 2511 tamen
495 2445 664 2512 Sallustius
696 2445 727 2510 in
761 2443 981 2510 coniurationis
1017 2441 1146 2509 historia
1176 2446 1344 2530 imaginem
1377 2447 1443 2512 eius
1475 2444 1529 2510 ad·

367 2552 538 2634 umbravit,
567 2575 630 2640 quo
660 2551 776 2617 bouorc
800 2553 980 2616 Ciceronem
1005 2573 1068 2616 non
1091 2551 1203 2616 allecit.
1250 2551 1332 2617 Cum
1355 2561 1459 2616 antem
1482 2574 1527 2633 ea,

367 2681 447 2747 «luae
474 2657 514 2724 de
542 2643 688 2725 Caesaris
718 2658 843 2745 ingenio
869 2657 1069 2745 erroribusque
1098 2660 1234 2745 scripsit,
1267 2657 1395 2724 minime
1417 2657 1527 2723 idonea

369 2765 434 2830 sint
456 2764 496 2831 ad
518 2763 753 2854 intelligendam
770 2765 872 2852 magui
888 2765 946 2830 viri
961 2775 1114 2845 naturam,
1135 2763 1326 2830 credendum
1349 2774 1407 2846 est,
1429 2764 1529 2830 Sallu·

368 2872 462 2937 stium
499 2874 657 2960 propriam
698 2874 765 2938 eius
797 2870 1041 2958 magnitudinem
1073 2871 1249 2959 perspicere
1283 2894 1344 2936 rron
1375 2870 1527 2959 potuisse;

368 3001 431 3044 non
447 2977 592 3045 Caesaris
616 2989 735 3059 nat-ura,
757 2977 814 3044 sed
834 2977 958 3044 Sallusti
983 2977 1194 3064 intellegentia
1217 2979 1393 3045 animorum
1416 3000 1454 3044 cx
1477 2977 1528 3044 illa

309 3101 311 3106 ’
356 3082 578 3173 'descriptione
603 3084 769 3152 iudicanda
791 3095 849 3151 cst.
872 3124 915 3134 -

475 3191 582 3257 Etiam
606 3215 645 3258 cx
669 3195 778 3280 paucis
799 3191 892 3273 loeis,
920 3192 1034 3278 quibus
1057 3191 1196 3279 Pompeii
1221 3192 1341 3257 mentio
1370 3193 1417 3274 fit,
1444 3191 1530 3258 lucu·

368 3297 469 3364 lenter
490 3309 634 3387 apparet,
665 3297 846 3364 Sallustiana
869 3298 996 3364 Caesari
1021 3299 1147 3364 favisse.
1189 3297 1291 3378 Quod
1313 3297 1353 3364 ad
1378 3298 1529 3366 Catilinae

369 3405 758 3487 couirrrationenr'attiuet‚
781 3428 872 3472 neruo
895 3405 970 3470 civis
997 3406 1225 3491 integriorcrat
1242 3405 1405 3494 Pompeio,
1427 3415 1529 3472 tamea

370 3521 463 3577 vctus
487 3511 632 3578 Caesaris
656 3523 793 3578 scetator
815 3512 866 3577 bie
888 3535 1012 3598 «puraque
1036 3533 1107 3577 errrrr
1129 3511 1218 3577 rudit.
1257 3511 1355 3590 Quod
1370 3512 1472 3600 eapite
1490 3517 1529 3580 19

373 3627 486 3699 narrat,
509 3617 695 3706 Pompeiam
718 3619 848 3684 sicarios
870 3620 901 3684 in
924 3617 981 3684 Cu.
998 3619 1144 3684 Pisonem
1167 3618 1301 3697 misisse,
1324 3641 1431 3684 verum
1455 3617 1529 3686 illud

370 3725 497 3812 quidem
525 3724 665 3807 videtur,
696 3723 752 3791 sed
781 3725 858 3791 baec
885 3724 1046 3812 diligentia
1074 3724 1200 3790 rrrnlesta
1224 3735 1288 3807 est,
1320 3725 1347 3791 si
1370 3725 1529 3792 nobiscum

370 3841 561 3920 reputamus,
583 3831 728 3898 Caesaris
752 3830 994 3898 machinationes
1023 3829 1242 3898 arnlacissinras
1264 3855 1303 3897 nc
1324 3855 1387 3896 uuo
1406 3831 1530 3920 quidem

371 3938 469 4004 verbo
491 3948 678 4004 arerrroratas
695 3961 773 4016 esse,
795 3939 915 4004 etiarnsi
932 3938 1032 4004 nrrrlto
1048 3939 1145 4024 magis
1157 3937 1219 4004 lruc
1236 3939 1423 4026 pertineant.
1451 3937 1532 4005 Item

373 4044 458 4132 qnod
475 4045 646 4132 Pompeias
661 4044 783 4110 Metelli
804 4055 835 4109 et
852 4045 949 4110 Marci
967 4044 1067 4132 Regis
1087 4043 1261 4132 triumphus
1278 4045 1337 4110 sibi
1353 4043 1532 4126 vindicarit,

373 4153 432 4218 ersi
457 4149 601 4217 odiosum
625 4161 701 4232 emt,
724 4161 826 4218 tamen
849 4175 888 4217 ex
912 4163 1039 4216 serratas
1062 4151 1202 4217 consulto
1225 4151 1336 4230 tiebat;
1368 4151 1532 4219 Sallustius

374 4259 476 4345 tingit,
509 4261 646 4325 minores
675 4258 707 4324 vl
737 4258 777 4323 ab
803 4257 856 4324 illo
888 4279 1074 4346 suppressos
1097 4280 1171 4323 esse.
1216 4261 1325 4345 Atque
1349 4259 1379 4324 irr
1403 4281 1531 4324 excursu

373 4375 452 4455 (cap.
469 4369 511 4432 38
527 4375 558 4432 et
576 4370 630 4450 39)
652 4363 692 4430 de
716 4363 874 4453 republica
898 4367 1042 4447 allinunt,
1063 4365 1269 4458 eon-nptelam
1292 4367 1430 4432 civitatis
1453 4389 1533 4432 nono
1591 4389 1605 4408 ·
1650 4451 1651 4460 ¹
