3308 5120
710 636 751 701 15

140 833 366 899 rouiumtiouis
396 843 494 912 eraut,
524 831 557 895 in
587 830 702 916 quibus
726 829 895 917 plmiauun
925 829 1060 895 ualuisse
1084 829 1160 896 l‘iso
1183 830 1318 912 videtur,

141 963 234 1027 quem
269 938 440 1005 Sallustius
475 938 637 1003 miniumm
673 935 773 1002 luisse
807 947 927 1017 eeuset,
960 936 1083 1002 etiamsi
1118 959 1188 1003 erran
1221 960 1317 1003 urarm

142 1049 276 1134 pretium
308 1055 456 1110 nutrietum
486 1066 558 1110 csse
589 1053 701 1108 narret.
747 1043 854 1128 Atque
879 1043 1005 1108 Pisanis
1035 1043 1155 1131 copiae,
1182 1067 1262 1131 qum
1285 1045 1317 1110 in

141 1151 299 1240 llispauia
323 1151 451 1216 inutiles
475 1149 611 1215 luissent
635 1147 791 1215 Catilinae
814 1159 846 1214 et
867 1151 1033 1230 Autronio,
1055 1147 1186 1215 Caesari
1208 1159 1318 1218 eontra

144 1259 329 1347 Pompeium
354 1257 541 1323 utilissimae
564 1265 662 1335 curat,
684 1278 756 1321 euru
779 1255 869 1342 prius
892 1255 1025 1322 llomam
1049 1257 1158 1322 venire
1181 1267 1320 1345 posscnt,

142 1387 234 1451 <parram
259 1363 433 1453 Pompeius
457 1385 497 1428 ex
527 1363 614 1428 Asia
659 1361 752 1440 Quae
779 1363 886 1427 cauria
908 1360 1091 1428 Sallustium
1124 1363 1233 1451 lugere
1256 1386 1318 1429 noa

142 1480 298 1560 poterant,
330 1469 387 1536 scd
422 1470 630 1536 mumtioaem
663 1491 752 1534 sumu
784 1469 943 1554 corrigere
975 1467 1104 1554 ruduit*)
1137 1479 1170 1536 ct
1202 1468 1319 1536 idcirco

143 1577 253 1659 cudit,
282 1600 363 1664 qum
387 1575 507 1642 Cicero
537 1577 569 1641 in
602 1577 744 1642 oauioue
773 1573 904 1641 Sullana
933 1576 1119 1664 cotuposuit.
1168 1577 1341 1650 Attamen,

144 1707 183 1750 ex
206 1684 371 1750 Ciceronis
399 1682 441 1748 ad
473 1683 659 1770 Pompeium
690 1681 825 1770 epistula
856 1681 897 1748 dc
926 1682 1091 1748 consulatu
1122 1705 1181 1748 suo
1210 1706 1320 1749 remm

144 1813 334 1877 cognoscere
357 1790 472 1878 potuit.
532 1789 614 1855 Sunt
640 1790 693 1876 qni
718 1786 835 1870 dimut,
857 1788 1045 1855 Ciceronem
1068 1790 1100 1854 ia
1124 1813 1163 1856 ea
1185 1790 1321 1878 epistula

144 1897 185 1964 ad
218 1899 367 1963 tristiorem
398 1895 525 1962 laudem
555 1895 783 1984 impetrandam
817 1918 869 1962 res
899 1894 981 1962 lalso
1013 1894 1231 1986 descripsisse,
1264 1895 1321 1962 sed

144 2015 258 2084 camut,
280 2005 426 2092 ‹prauuis
448 2002 510 2069 boc
532 2002 736 2091 opprobrium
754 2025 773 2068 a
790 2003 898 2069 Trallio
921 2025 983 2068 aaa
1006 2003 1143 2099 alienum
1167 2003 1322 2070 rideatur.

146 2111 180 2178 Si
204 2112 287 2178 enim
311 2111 450 2177 Catilina
479 2133 552 2176 eum
576 2111 734 2176 Autronio
764 2109 869 2176 fasces
898 2119 1080 2197 rtuepturus
1104 2109 1228 2192 linisset,
1255 2112 1322 2177 siae

145 2218 242 2284 rlrrbio
273 2217 386 2286 Ciccao
418 2217 449 2283 ia
477 2219 629 2297 oratione,
657 2239 751 2304 quam
783 2215 892 2282 babuit
926 2217 957 2282 in
991 2227 1065 2302 toga
1093 2215 1237 2298 eandida,
1270 2217 1322 2283 ubi

145 2327 385 2413 competitorem
421 2323 591 2391 Catilinam
625 2323 819 2412 perstringit,
857 2323 918 2389 lroe
952 2324 981 2388 ei
1015 2323 1137 2390 crituiui
1173 2323 1323 2390 dedisset.

145 2433 218 2498 lloc
240 2441 375 2512 corastat,
398 2430 518 2497 Sollmn
541 2431 694 2517 eollemuu
719 2431 865 2497 Autronii
883 2431 1028 2496 rumam
1052 2429 1163 2497 luisse.
1210 2431 1323 2518 Hagen

148 2539 333 2606 Sallustium
356 2521 437 2604 tueri
462 2537 580 2618 studet,
602 2561 673 2604 eum
696 2537 782 2619 dicit,
806 2561 906 2625 usque
925 2537 964 2603 ad
981 2537 1145 2604 liederulas
1161 2536 1324 2604 larium-ias

147 2647 277 2728 Sullam,
307 2656 419 2734 postea
449 2646 619 2713 Catilinam
650 2644 849 2731 designatum
880 2645 989 2726 luisse,
1021 2644 1079 2712 sed
1109 2647 1325 2734 trutisquisquc

148 2753 365 2840 interrogabit,
399 2753 528 2820 ubinam
564 2751 652 2819 Sulla
685 2754 844 2818 ruauserit.
899 2751 1105 2842 Deceptusue
1139 2757 1209 2820 est?
1272 2755 1324 2820 Aa

148 2860 254 2926 subito
282 2861 496 2926 renuntiarit?
542 2859 706 2924 Dummun
739 2857 859 2925 Sullam
891 2851 1093 2926 candidatum
1120 2860 1326 2942 mrrrsulrnum,

148 2967 317 3033 Catilinam
345 2969 521 3055 principem
551 2967 778 3034 anuumttouts
811 2965 911 3032 luisse
942 2967 1079 3049 coniicit,
1117 2967 1174 3033 scd
1205 2967 1266 3034 bac
1292 2969 1324 3032 in

149 3097 182 3140 rc
205 3073 348 3140 Sallustii
372 3077 481 3162 opinio
505 3075 606 3160 magis
629 3072 746 3162 placet:
774 3073 802 3139 si
826 3073 972 3162 prirrmps
995 3074 1227 3140 coniuratorum
1250 3083 1327 3154 erat,

149 3181 285 3246 fructum
309 3203 435 3269 qmupue
458 3203 572 3270 capere
595 3178 741 3248 debebat.
787 3181 895 3268 Atque
917 3203 987 3246 cnm
1011 3180 1181 3247 Sallustius
1203 3180 1326 3270 opinio·

149 3310 222 3353 uem
253 3311 342 3355 suam
375 3286 416 3354 de
452 3287 589 3355 Catilina
623 3297 744 3353 rumare
772 3287 880 3369 nollet,
913 3287 1048 3376 priorem
1078 3287 1326 3354 coniurationem

149 3395 222 3460 luric
246 3397 386 3482 opinioni
416 3395 568 3484 adaptare
595 3393 759 3476 studebam
790 3395 896 3482 itaque
919 3393 1058 3480 Sergius,
1090 3417 1183 3482 «pacm
1213 3417 1282 3483 cap.
1305 3397 1325 3460 b

149 3501 189 3567 ad
205 3501 423 3591 imperandum
440 3503 550 3588 magis.
572 3525 667 3591 quam
683 3500 723 3567 ad
747 3499 920 3590 pmreadum
943 3511 1086 3590 parattun
1108 3501 1327 3590 descripserat,

150 3609 182 3674 ia
205 3608 313 3676 Sullae
335 3610 440 3676 lectam
462 3611 569 3676 cessit.

256 3715 409 3782 Norumlli
433 3716 717 3804 interrog-areatat,
739 3715 890 3804 quidnam
906 3714 1043 3783 Catilina
1062 3716 1094 3782 iu
1112 3714 1327 3782 eouiumtioac

150 3823 309 3911 petiverit,
332 3822 393 3888 uisi
416 3823 625 3889 consulatum.
670 3821 735 3890 Sed
758 3833 954 3912 compertum
977 3821 1130 3889 habemas
1152 3845 1191 3889 ea·
1208 3819 1328 3888 eisdem

151 3929 213 3995 illis
245 3929 438 4012 auctoribus,
469 3953 542 3996 eam
576 3941 642 3996 ttuu
674 3930 753 3997 satis
785 3941 933 3997 uexatum
965 3929 1073 3996 fnisse.
1117 3927 1192 3996 Nou
1226 3928 1328 3994 solum

151 4047 280 4101 senatus
304 4035 458 4118 iniuriam,
481 4059 544 4124 qim
560 4037 679 4103 honore
695 4036 843 4103 exclusus
858 4047 936 4120 mat,
959 4037 1066 4103 ulcisci
1091 4035 1248 4117 studebat,
1270 4032 1328 4100 std

152 4142 396 4230 repotmularum
426 4167 553 4232 qumpre
583 4167 678 4210 latua
706 4144 854 4224 instabat,
884 4145 914 4209 in
945 4167 1006 4232 qua
1031 4165 1163 4232 lutetiam
1186 4143 1330 4229 ell'rrgere

153 4273 215 4314 nou
247 4251 361 4336 potuit,
393 4252 454 4316 uisi
489 4251 628 4318 rimmm
662 4253 838 4340 putentium
870 4250 997 4316 trimilio.
1051 4249 1085 4316 Si
1118 4259 1222 4316 autem
1257 4271 1331 4337 pro-

152 4397 162 4404 ι.
194 4397 209 4404 ιι
222 4397 303 4404 ..ο-..ο
316 4397 372 4404 ...n-
382 4399 419 4406 .--

260 4483 284 4550 ‘t
304 4483 375 4537 iutra
397 4481 633 4554 debilitatusque
652 4481 688 4536 do
705 4499 796 4537 tart-a
