3308 5120
10 335 1561 409 &Qum—¹.
1643 347 1644 358 r

665 547 709 613 49

581 643 603 650 -.
615 641 794 650 -—..-.-—-..-

210 747 262 810 42.
307 745 400 823 Quae
430 742 544 808 deinde
574 743 614 808 de
643 752 727 808 statu
759 743 857 810 totius
889 742 1000 809 ltaliae
1032 688 1150 831 scriptia
1181 751 1269 824 suut,

102 874 203 938 neque
230 861 374 916 accurata
404 873 504 936 neque
531 851 612 916 clara
637 848 812 926 videntur„
843 850 954 916 Refert
980 852 1062 916 eninr
1090 849 1273 930 Sallustius,

102 958 142 1022 ab
165 958 236 1038 illis,
259 980 341 1042 qrroa
362 963 439 1022 reule
457 957 601 1021 Catilina
617 959 799 1040 dimiserat,
824 959 1006 1024 inconsulte
1028 979 1066 1020 uc
1091 957 1193 1022 relati
1211 979 1272 1042 per

102 1065 300 1130 (laurentiam
323 1069 441 1130 eruenta
462 1064 568 1128 siurul
589 1071 658 1128 aeta
681 1087 766 1145 csse,
797 1065 832 1128 iu
857 1084 935 1148 apro
959 1063 1093 1147 Piceno,
1124 1063 1272 1145 Bruttio,

104 1173 229 1257 Apulia
252 1176 360 1235 motus
387 1169 496 1250 fuisse,
518 1169 682 1256 inquibus
710 1169 918 1256 reprimendis
946 1170 983 1246 0.
1010 1170 1159 1235 Metellus
1187 1169 1274 1234 (bier

100 1284 232 1363 praetor·
253 1276 378 1343 laudem
403 1275 462 1342 sibi
486 1279 652 1364 paraverit.
699 1277 819 1342 Perse
841 1299 903 1342 non
928 1286 978 1341 est
999 1275 1180 1357 uerisimile,
1204 1275 1274 1341 illos

104 1385 224 1450 iniussu
254 1382 410 1450 Catilinae
439 1384 543 1448 siruul
571 1389 690 1449 eum-lo
711 1407 775 1469 per·
801 1385 998 1449 deruerrtr'mu
1027 1383 1141 1468 epi-sae,
1172 1404 1274 1468 neque

103 1491 186 1556 cniur
220 1489 357 1556 Catilina
391 1491 528 1557 misisset
566 1489 710 1556 homines
721 1539 731 1571 ,
771 1513 851 1577 quos
889 1500 953 1555 tam
995 1490 1170 1556 inconsulte
1210 1511 1274 1554 reur

103 1607 269 1685 coepturos
301 1619 372 1664 esse
406 1596 634 1684 expectandum
666 1606 742 1663 erat.
792 1597 936 1662 Kritaius
970 1603 1077 1662 ariolus
1110 1595 1182 1662 illos
1214 1617 1275 1682 nup
1351 1652 1360 1664 ,

104 1705 230 1792 plenum
258 1703 439 1785 turnultum,
466 1703 522 1770 sed
555 1727 657 1770 rerum
686 1705 825 1770 omnium
855 1703 1121 1791 perturbationem
1145 1711 1178 1768 ct
1201 1725 1277 1767 cou-

104 1811 260 1876 fusionem
283 1810 381 1876 tuisse
406 1820 527 1892 censet,
554 1811 611 1877 scd
640 1835 677 1878 ea
705 1807 962 1899 interpretatione
986 1809 1145 1877 dementia
1167 1809 1276 1875 coniu·
1369 1895 1371 1898 Ι

105 1927 241 1984 natorum
270 1922 365 1984 etiarn
394 1918 500 2005 augeri
524 1917 663 1984 videtur:
696 1929 749 1983 aut
774 1917 942 1984 velandum
970 1927 1025 1983 aut·
1051 1913 1276 2004 quiescendum

105 2035 180 2090 crat
224 2025 375 2092 Fortasse
407 2035 513 2091 autern
544 2024 603 2091 hae
635 2048 685 2091 res
717 2049 736 2090 a
769 2023 919 2091 Sallustio
951 2026 1019 2091 sinc
1053 2024 1117 2089 ullo
1149 2033 1277 2090 auctore

105 2132 239 2220 scriptae
267 2136 357 2213 sunt,
389 2142 424 2197 ut
450 2131 491 2197 de
518 2133 715 2219 praetoribus
746 2131 809 2199 illis
836 2143 868 2197 et
895 2154 1002 2197 eorum
1030 2132 1131 2219 copiis
1158 2129 1277 2218 aliquid

106 2249 260 2320 narrctar3
306 2262 406 2326 neque
452 2239 535 2305 enim
581 2239 745 2326 quisquam
791 2249 915 2327 pureter·
959 2237 1141 2306 Sallustium
1184 2237 1278 2304 huius

105 2346 257 2412 tumultus
285 2347 474 2413 alentionem
503 2346 587 2412 fecit
633 2345 815 2413 Sallustium
844 2355 949 2412 autem
971 2345 1012 2412 de
1034 2346 1130 2411 rebus
1153 2345 1276 2410 illorum

105 2453 226 2519 dieruur
248 2475 312 2518 non
335 2454 413 2519 satis
435 2454 599 2519 certiorem
622 2452 740 2518 lactum
764 2477 848 2534 esse,
879 2452 1054 2518 luculenter
1083 2462 1217 2540 apparet
1238 2474 1278 2518 ex

106 2561 161 2642 eis,
184 2582 264 2647 quae
287 2559 329 2625 de
352 2559 428 2626 urbe
452 2562 521 2649 ipsa
543 2559 649 2627 refert.
968 2567 971 2572 '

212 2671 264 2734 43.
310 2666 423 2740 Multis
446 2667 552 2733 verbis
579 2669 683 2754 agitur
709 2667 898 2733 dodrantali
928 2666 1086 2732 laboribus
1115 2675 1149 2732 et
1174 2667 1280 2732 eonsi-

105 2775 165 2856 liis,
187 2773 228 2839 dc
251 2797 288 2840 ca
311 2783 416 2840 auteur
439 2797 482 2856 re,
503 2797 584 2862 «luae
607 2784 674 2839 tuur
697 2775 866 2862 praecipue
888 2774 1003 2840 civium
1027 2776 1148 2839 animos
1172 2795 1281 2840 nrove·

105 2882 168 2962 bat,
190 2880 230 2947 de
253 2903 349 2946 causa
363 2881 551 2948 Mureniana
574 2889 670 2960 tacet;
694 2879 780 2968 quod
803 2905 842 2946 eo
865 2881 964 2968 magis
983 2881 1093 2946 nrirunr
1111 2890 1169 2960 cst,
1192 2879 1277 2967 ‹prrod

105 2987 258 3055 Murenae
292 2988 422 3054 fratrem
456 3011 556 3076 paene
590 2988 651 3055 hoc
684 2988 755 3077 ipso
790 2989 902 3077 spiritu
938 2989 1121 3054 nominavit
1188 2987 1280 3053 Haec

106 3117 213 3176 causa,
239 3117 302 3182 qua
323 3095 362 3160 L
384 3094 519 3161 Murena
541 3097 610 3161 sine
637 3093 735 3161 dubio
762 3095 944 3177 cecidisset,
972 3095 1031 3160 nisi
1055 3094 1168 3161 Cicero
1196 3117 1281 3160 nova

106 3203 233 3268 comitia
255 3202 445 3291 reipublicae
468 3211 598 3292 propter
619 3204 866 3268 coniurationem
889 3202 1066 3290 peruiciosa
1085 3201 1192 3268 futura
1209 3223 1280 3268 csse

107 3309 338 3392 affinuavisset,
361 3311 393 3375 in
415 3310 572 3398 completo
594 3309 635 3376 de
660 3309 796 3375 Catilina
820 3309 1043 3376 commentario
1065 3307 1193 3376 silentio
1216 3329 1280 3374 non

106 3416 335 3504 praetereunda
365 3427 448 3498 erat;
490 3416 628 3482 consulis
662 3411 761 3482 eninr
777 3439 835 3504 pro
867 3415 1003 3483 Murena
1035 3415 1136 3482 oratio
1168 3437 1281 3482 revera

107 3507 216 3612 quinta
238 3524 422 3590 Catilinaria
444 3533 501 3590 est.
546 3523 626 3590 Earn
654 3533 758 3590 autem
787 3525 958 3589 orationem
983 3523 1032 3588 bis
1055 3521 1169 3589 diebus
1191 3521 1282 3590 trabi-

107 3641 170 3696 tanr
199 3653 269 3698 esse
294 3629 436 3698 videmus
464 3653 503 3697 ex
534 3631 698 3698 Ciceronis
726 3631 825 3719 ipsius
853 3631 960 3697 verbis
987 3621 1017 3715 (ξ
1041 3634 1104 3718 81).
1153 3628 1280 3710 Quodsi

107 3739 200 3804 huius
223 3761 336 3805 causae
360 3740 478 3804 mentio
501 3761 562 3804 non
587 3737 670 3804 faeta
694 3747 759 3819 cst,
782 3738 843 3803 ium
866 3738 932 3803 lieri
956 3761 1018 3802 nun
1040 3737 1159 3825 potuit,
1183 3736 1281 3804 atde

108 3845 221 3911 ceteris
244 3847 312 3912 eius
336 3843 494 3910 laboribus
517 3845 695 3911 referretur.
741 3843 810 3910 Nos
826 3855 931 3910 auteur
946 3845 1071 3926 sciurus,
1094 3843 1281 3910 Ciceronem

109 3962 174 4017 trrm
202 3951 356 4017 custodiis
383 3951 545 4040 dispositis
574 3951 682 4018 urbem
711 3952 883 4018 munivisse
912 3961 944 4018 et
972 3975 1010 4017 cx
1034 3949 1191 4018 Catilinae
1214 3972 1282 4018 see-

111 4057 265 4124 tatoribus
288 4058 453 4124 nonnullos
475 4059 609 4146 pecunia
628 4060 805 4147 corrupisse
810 4084 820 4141 3
843 4058 874 4124 in
890 4058 1004 4146 quibus
1019 4057 1117 4124 lirisse
1132 4057 1282 4126 Vettium

108 4163 264 4252 ‹prendam
296 4165 361 4231 Dio
388 4167 452 4248 (37,
474 4168 570 4249 41,2)
598 4174 717 4247 narrat,
745 4187 809 4254 quo
837 4165 955 4232 Caesar
982 4147 1178 4231 familiariter
1206 4186 1282 4232 usus

109 4273 159 4339 sit.
204 4269 354 4339 Fortasse
376 4271 436 4338 boc
454 4294 579 4360 quoquc
597 4272 666 4338 loco
682 4271 851 4339 Sallustius
867 4281 970 4339 tacere
1002 4293 1095 4359 quarn
1112 4269 1282 4338 Caesarem
1341 4303 1344 4312 r

110 4381 269 4445 uoruiuare
291 4379 410 4445 maluit.
455 4379 618 4451 Dramaun
642 4378 699 4462 (Υ.
714 4383 779 4446 478
798 4389 831 4446 ct
850 4383 926 4466 480)
949 4401 1103 4466 inagnum·
1118 4401 1282 4445 numerum
