3308 5120
140 727 368 808 terprctnretur
399 728 431 784 et
461 719 581 799 omnia,
611 741 693 807 quae
724 718 816 784 aliter
847 742 908 784 non
938 718 1152 807 intellegebat,
1184 743 1224 785 cx
1255 718 1317 785 hoc

140 849 263 893 summo
297 827 366 892 eius
401 826 530 892 stimulo
563 824 730 892 derivaret
790 825 865 890 Hoc
892 847 1007 912 genere
1039 825 1317 914 interpretationis,

141 943 177 998 ιιι
197 955 314 1020 graeco
338 933 437 999 verbo
461 941 587 998 ιιιιιιιιιιι
608 932 859 1020 psyclrologicue,
882 933 1017 1019 scriptor
1031 931 1200 999 Sallustius
1228 955 1318 1020 prae·

142 1041 354 1107 stantissimns
387 1049 450 1121 est,
485 1038 542 1105 sed
577 1039 608 1104 in
641 1039 786 1127 scriptori
818 1037 969 1104 historico
1002 1037 1213 1126 vituperanda
1244 1049 1317 1105 sunt

141 1147 268 1234 saepius
291 1170 343 1227 ea,
365 1169 447 1234 quae
470 1147 655 1234 scriptorem
680 1155 801 1211 ornant
846 1144 980 1236 Inrnal)
1003 1145 1101 1213 initiis
1124 1146 1318 1233 quaestionis

142 1263 268 1319 nostrae
301 1250 461 1334 videmus,
495 1261 647 1340 quantum
679 1253 804 1319 veritati
840 1252 995 1334 nocuerit,
1029 1251 1114 1339 quod
1149 1252 1319 1318 Sallustius

142 1359 387 1447 praeindicatam
421 1360 506 1425 illum
538 1362 670 1448 primam
702 1361 881 1447 opinionem
914 1381 1036 1426 sunnua
1062 1361 1235 1448 pertinacia
1263 1381 1321 1447 per

142 1476 245 1532 tut-um
267 1467 383 1533 librum
406 1469 561 1533 servavit:
583 1461 683 1555 ‘prior
705 1467 879 1532 coniuratio
901 1469 1028 1554 penitus
1049 1465 1176 1532 detorta
1198 1476 1257 1547 est,
1278 1464 1319 1532 (lc

144 1571 233 1640 Sulla
260 1583 293 1639 et
320 1573 458 1640 Catilina
488 1574 570 1640 falsa
598 1573 778 1655 tradrmtur,
810 1575 932 1639 senatui
965 1573 1134 1640 inemdibis
1166 1571 1321 1661 quaedam

144 1681 311 1746 clementia
334 1683 367 1746 in
390 1681 623 1746 inimicissimos
646 1703 722 1747 suos
744 1680 901 1762 tribuitur,
923 1680 1061 1748 Catilina
1084 1681 1231 1768 princeps
1246 1703 1323 1746 con·

145 1787 310 1854 iurationis
342 1788 453 1854 Pisoni
485 1786 678 1854 adulescenti
711 1788 929 1876 postponitur,
961 1789 1118 1876 posterior
1148 1787 1324 1854 coniuratio

146 1917 204 1982 per
225 1894 409 1962 incredibile
433 1894 571 1983 spatium
593 1893 761 1976 diducitur,
783 1897 879 1961 etiam
901 1893 975 1960 huie
998 1917 1016 1960 a
1040 1903 1152 1962 senatu
1175 1893 1325 1982 parcitur,

147 2001 284 2067 Catilina
313 2001 454 2090 legitime
484 2011 518 2068 ct
547 2011 656 2067 contra
683 2000 787 2089 legem
817 2024 944 2090 operam
974 1999 1030 2066 dat
1059 2023 1159 2090 eaque
1189 2023 1222 2067 re
1256 2001 1326 2090 ipsa

148 2131 255 2174 secum
287 2118 456 2197 repugnat,
488 2117 555 2174 ιιιιιι
582 2107 677 2174 1ιοιιιο
707 2109 879 2176 sceleratus
907 2117 940 2174 et
966 2108 1147 2196 impudens,
1178 2117 1246 2174 tum
1278 2107 1327 2174 vir

149 2215 241 2281 fortis
270 2227 302 2282 ct
329 2215 469 2303 prudens
493 2214 633 2296 videtur,
660 2216 714 2302 qui
737 2239 795 2304 pro
818 2216 1055 2282 sententiosas
1076 2239 1177 2305 paene
1199 2215 1327 2307 heroice

151 2325 334 2410 sanguninem
352 2316 544 2412 profundat,
556 2361 598 2372 —
611 2344 650 2389 nc
667 2321 766 2410 plrua,
782 2320 839 2388 sed
855 2322 959 2388 omnia
974 2322 1052 2390 haec
1062 2345 1102 2388 ex
1113 2322 1167 2390 illa
1178 2323 1327 2412 opinione

150 2429 345 2518 prodierunt,
369 2431 476 2496 omnia
491 2453 598 2496 secum
617 2429 739 2496 minora
762 2429 822 2495 ulia
846 2427 961 2496 menda
980 2427 1194 2511 adduxeruut3
1222 2453 1329 2496 exem·

151 2537 195 2625 pli
218 2559 313 2604 canusa
336 2539 368 2603 in
392 2537 575 2604 memoriam
598 2559 797 2616 revocemus,
824 2537 971 2625 quotiens
993 2535 1135 2604 diductio
1158 2538 1329 2604 coniurati·

151 2645 220 2710 onis
244 2645 277 2710 in
299 2653 426 2734 tempus
448 2645 574 2734 longius
597 2644 689 2712 uobis
711 2642 852 2710 notanda
873 2643 977 2710 fucrit
1022 2643 1255 2732 Chronolcgica
1276 2643 1330 2710 illa

150 2753 356 2840 transpositio
388 2753 545 2818 contionis
577 2750 661 2842 apud
693 2751 830 2817 Iaccam
861 2750 1001 2832 habitae,
1033 2760 1161 2818 senatus
1193 2750 1330 2818 consulti

150 2857 263 2939 ultimi,
285 2857 519 2947 quodammodo
542 2859 762 2926 transactionis
786 2881 856 2924 cnm
876 2859 979 2925 Gallis
1001 2857 1151 2925 facillime
1175 2857 1342 2946 intellegi·¹

151 2976 217 3047 tur,
249 2967 277 3031 si
309 2966 474 3033 uobiscum
505 2975 700 3054 reputanms,
735 2965 919 3032 Sallustium
949 2973 1072 3032 tantrun
1104 2975 1229 3054 tempus
1264 2965 1330 3031 solu

152 3073 336 3139 inventione
370 3073 499 3161 explere
534 3095 596 3140 non
631 3075 782 3161 potuisse.
847 3071 969 3138 Tauron
1007 3095 1047 3138 ex
1084 3073 1331 3162 transpositione

153 3179 321 3246 contionis·
338 3179 423 3246 illius
451 3191 597 3270 apparet,
630 3203 736 3246 veram
764 3204 867 3247 rerum
892 3180 1116 3246 continentiam
1139 3181 1169 3246 ei
1192 3181 1332 3268 ignotam
1448 3241 1451 3247 .

154 3285 272 3368 iuissc;
307 3309 409 3375 neque
437 3291 521 3354 enim
548 3287 609 3354 hoc
636 3286 762 3354 cardiuc
793 3288 891 3354 totius
923 3288 1148 3354 coniurationis
1181 3286 1333 3354 mutando

154 3391 374 3461 difficultatem
402 3396 631 3484 superavisset,
661 3397 687 3461 si
716 3396 921 3482 cognovisset
947 3417 985 3461 ea
1007 3417 1040 3461 re
1063 3395 1334 3462 continuationem

156 3523 259 3567 rerum
290 3503 461 3570 obscurari.
512 3505 591 3568 Arte
620 3501 748 3591 quidem
779 3501 936 3570 scribendi
967 3513 1000 3568 et
1029 3501 1081 3568 illa
1111 3501 1336 3591 psychologica

158 3609 417 3697 interpretatione
441 3609 557 3691 effecit,
579 3619 616 3675 ιιι
637 3609 741 3675 rninns
759 3610 924 3676 manifesta
940 3609 1067 3676 lieentia
1082 3632 1139 3675 sua
1154 3611 1205 3676 sit.
1227 3608 1335 3674 Etiarn

159 3739 289 3804 magnos
313 3717 482 3783 historicos
513 3717 656 3806 speciosa
686 3716 823 3784 dictione
853 3716 984 3798 fefellit3
1016 3717 1106 3783 ιιιιιΙιί
1138 3739 1210 3782 curu
1239 3715 1336 3782 hodic

159 3821 332 3890 defendere
356 3821 500 3906 student,
532 3846 603 3890 eum
625 3823 747 3907 dicant,
777 3823 856 3890 hacc
883 3825 988 3890 ornnia
1009 3823 1092 3890 levia
1120 3847 1204 3906 esse,
1235 3832 1337 3889 totam

160 3939 266 3996 autem
289 3930 499 3997 narrationem
523 3931 585 3998 lide
608 3953 671 3997 non
694 3953 816 4013 carere,
840 3933 975 3996 maxima
1002 3953 1077 3997 sane
1105 3939 1155 3998 est
1180 3953 1247 4014 ars,
1274 3951 1337 4018 qua

162 4035 331 4104 Sallustius
354 4036 417 4104 illis
440 4038 588 4127 probavit
610 4061 661 4120 ea,
694 4061 775 4126 quae
798 4038 936 4121 nuntiat,
963 4061 1063 4127 neque
1086 4059 1161 4105 vcro
1184 4037 1338 4104 historico

162 4153 227 4210 ιιιιιι
250 4145 378 4232 propria
400 4146 538 4212 narratio
560 4143 733 4235 probanda,
754 4167 848 4234 quarn
867 4167 942 4213 vera
965 4146 1100 4211 narratio
1123 4142 1263 4212 eruenda
1280 4153 1339 4210 est.

270 4249 414 4330 Quaerat
444 4251 616 4342 quispiam,
650 4261 754 4320 utrum
789 4253 892 4321 sciens
924 4241 1097 4341 volensque
1129 4273 1184 4319 eos
1216 4273 1340 4318 errores

164 4357 333 4424 Sedlustius
356 4357 529 4445 admiserit,
551 4381 666 4442 necnc3
698 4369 802 4426 unum
830 4383 869 4426 ex
892 4359 1035 4448 diligenti
1062 4359 1197 4426 fontium
1221 4359 1341 4426 exami-
