3300 5128
308 839 363 900 das
382 856 449 900 esse
467 839 544 900 satis
557 839 719 900 uerisimile
732 845 790 899 est.
818 840 870 900 Ad
884 857 961 915 quas
974 838 1200 902 summovendae
1214 838 1278 898 slve
1291 837 1442 898 adrerum
1500 831 1503 835 ’

307 935 447 990 naturam
469 929 656 988 revocandas
682 927 821 1003 sulliciet,
850 929 929 1003 quod
951 935 1184 1005 perscrutemur,
1212 942 1358 1000 quaenam
1377 925 1444 986 sola

308 1015 468 1091 Pompeius
481 1015 612 1092 Trogus,
633 1034 717 1092 quem
731 1018 860 1078 alterum
874 1025 946 1078 ante
959 1019 1060 1078 oculos
1072 1017 1215 1076 habuisse
1228 1015 1442 1085 contendimus,

309 1109 347 1166 ab
366 1107 423 1168 hoc
440 1114 545 1182 petere
563 1107 707 1181 potuerit,
727 1123 784 1181 quo
798 1107 880 1166 lacto
893 1106 1105 1166 similitudines
1118 1107 1188 1165 illas
1200 1119 1313 1180 pancas
1326 1103 1443 1177 quidem

307 1197 389 1256 haud
407 1195 639 1256 contemnendas
658 1201 764 1254 extare
783 1195 976 1254 inveniemus.

380 1283 498 1343 Iustum
511 1283 622 1342 bellum
635 1299 668 1342 se
681 1281 811 1342 couilare
831 1282 1023 1342 hitinidatcs
1043 1282 1102 1340 nisi
1114 1280 1314 1356 Pompeianus
1333 1280 1442 1339 docere

310 1389 369 1432 non
386 1377 497 1446 potest,
516 1370 694 1447 praesertim
708 1388 773 1430 cum
787 1370 968 1444 simultates,
987 1386 1062 1443 quas
1076 1387 1142 1430 cum
1156 1370 1300 1429 Romanis
1311 1367 1443 1443 Paphla·

307 1459 407 1534 gorda,
426 1460 627 1535 Cappadocia,
646 1459 715 1519 aliis
734 1459 826 1518 terris
839 1458 994 1533 occupatis
1008 1465 1165 1533 susceptas
1177 1458 1318 1530 habehat,
1337 1472 1442 1516 verum

309 1548 335 1608 si
353 1549 523 1622 qrroerimns
542 1563 601 1605 uon
620 1547 704 1606 modo
724 1563 783 1605 noa
807 1546 837 1605 in
860 1546 976 1605 incerto
1000 1545 1215 1619 relinquerent,
1244 1551 1314 1605 uter
1332 1545 1443 1604 ricino·

308 1653 372 1695 rum
391 1652 502 1696 curans
520 1636 645 1709 negotia
661 1651 764 1710 pacem
778 1633 959 1704 turbaverit,
977 1633 1030 1692 sed
1048 1633 1193 1693 Romanis
1211 1635 1312 1710 potius
1331 1634 1362 1692 la
1381 1631 1443 1693 cul·

308 1741 376 1800 pam
399 1729 658 1797 converterentur,
685 1723 716 1782 id
745 1723 823 1796 qnod
846 1739 884 1781 ex
906 1722 1038 1796 Appiam.
1063 1721 1259 1782 Mithridatia
1285 1740 1309 1782 c.
1334 1723 1444 1783 lli-18

307 1811 477 1872 luculenter
495 1813 661 1888 appares).
699 1813 789 1872 Licet
807 1812 1001 1871 Mithridates
1025 1810 1173 1886 Bithynia
1192 1811 1443 1888 Cappadociaque

309 1917 346 1959 ex
364 1900 481 1975 imperii
499 1900 671 1975 proferendi
690 1901 828 1977 cupidine
840 1917 983 1976 possessa
994 1901 1152 1960 materiam
1166 1907 1197 1960 ot
1210 1917 1314 1960 ansam
1326 1900 1453 1968 dissen-¹

310 1989 424 2048 sianum
443 1989 629 2064 praebuerit,
655 1989 724 2063 quid
744 2006 854 2049 causae
874 1990 933 2049 luit
950 1988 1104 2060 Romanis,
1125 2004 1218 2062 qnare
1237 1989 1358 2048 adducti
1376 2005 1444 2063 pre,

308 2077 393 2136 cibus
415 2076 512 2136 Asiae
535 2076 700 2136 incolarum
723 2083 901 2136 vexatorum
923 2076 1056 2135 remedia
1079 2075 1141 2134 siut
1163 2075 1304 2150 polliciti,
1327 2076 1386 2136 nisi
1409 2081 1446 2135 ut

309 2163 368 2238 ipsi
386 2181 502 2237 quoque
515 2170 615 2222 terras
628 2163 698 2223 illas
711 2164 873 2238 aliquando
886 2162 1079 2222 obsiderent?
1108 2161 1208 2237 Quid?
1236 2162 1342 2222 Nonne
1354 2162 1444 2224 Nico·

310 2250 423 2309 medem
442 2257 474 2310 et
486 2250 727 2310 Ariobarzanem
746 2251 906 2310 restitutos
925 2251 956 2310 in
975 2265 1072 2323 regna
1089 2249 1204 2309 hortati
1222 2257 1302 2320 saut,
1320 2256 1356 2310 ut
1372 2251 1444 2312 vici-

310 2354 378 2397 nam
399 2337 587 2397 Mithridatis
604 2339 760 2398 dicionem
785 2338 1006 2397 incursionibus
1030 2337 1166 2398 vexando
1189 2338 1346 2398 materiam
1372 2338 1446 2400 belll

312 2432 493 2500 quaererent
512 2420 722 2498 (ἀνέπειθον
738 2420 799 2518 τὴν
816 2425 882 2516 γῆν
900 2418 960 2514 τὴν
978 2415 1198 2511 ..liudprando
1216 2418 1445 2516 κατατρέχειν

313 2519 373 2592 καλ
395 2519 437 2603 ἐς
453 2519 615 2614 πόλεμον
637 2517 813 2612 ἐρεθίζειν
827 2522 881 2602 ὡς
895 2515 1082 2610 Ῥωμαίων
1100 2516 1222 2604 αὐτοῖς
1245 2519 1445 2611 πολεμοῦσι

313 2620 621 2716 σνμμαχησόντιον
640 2649 705 2706 cap.
720 2633 750 2691 ll
772 2649 800 2706 p.
819 2631 882 2705 tlh,
902 2629 1252 2704 leeu.l1endelssohn)?
1280 2631 1444 2707 Pelopidae

310 2735 392 2811 regis
418 2723 662 2818 ἀδικουμένου
690 2739 786 2814 legati
812 2737 944 2813 querelis
962 2738 1075 2797 tumide
1094 2744 1125 2796 et
1143 2737 1265 2798 fortiter
1283 2739 1444 2813 responde·

309 2847 369 2913 tur,
396 2860 465 2904 nom
500 2827 659 2926 ἔινιοστο
687 2833 730 2904 ἐκ
756 2832 894 2906 πολλοῦ
922 2835 997 2915 ταῖς
1022 2827 1211 2924 Ῥωμαίων
1237 2837 1451 2931 στρατηγοῖς

309 2933 515 3031 ἐπικουρεῖν
543 2940 738 3038 Ιλίικιιμήδει
770 2941 831 3014 καλ
867 2942 910 3027 ἐς
937 2939 1122 3034 ὑπόκρισιν
1152 2945 1215 3037 τῆς
1248 2939 1451 3034 ἀντιλογίας

311 3033 496 3130 ἠκροῶντο
520 3061 647 3130 propter
664 3040 724 3136 τὴν
749 3044 813 3112 τοῦ
839 3039 1060 3136 Μιθριδάτου
1087 3038 1203 3135 φιλίαν
1229 3039 1448 3137 ἐνσύνθηκαν

314 3137 364 3214 ἔτι
397 3142 510 3220 οὖσαν
542 3162 619 3236 (cap.
649 3162 684 3222 14
710 3180 738 3237 p.
766 3163 829 3235 151,
858 3164 916 3237 25).
958 3145 1017 3233 Ὡς
1050 3146 1225 3243 ἐμφανῶς
1252 3148 1324 3246 ἥδ]
1353 3146 1451 3241 πρὸς

313 3241 502 3344 Ῥωμαίων
529 3255 773 3347 ἀδικούμενος·
803 3271 881 3346 (cap.
901 3272 937 3331 15
955 3288 983 3346 p.
1002 3270 1064 3341 453,
1085 3269 1142 3342 m),
1170 3285 1234 3328 cam
1262 3286 1314 3330 eos
1338 3270 1449 3330 iterum

311 3355 394 3430 loqui
406 3356 543 3418 volentos
559 3359 768 3427 inhibuissent
781 3360 975 3420 Mithridates
986 3360 1200 3420 Ariobarzane
1212 3358 1336 3433 expulso
1349 3375 1445 3432 regno

310 3445 424 3518 potitus
451 3452 509 3520 est,
537 3448 615 3521 quod
643 3449 693 3523 qud
721 3451 887 3510 excusabat
912 3436 1177 3532 φορτικώτερον
1204 3433 1311 3528 αὐτὸν
1336 3433 1450 3506 εἰπεῖν

313 3537 506 3634 ἡγούμενοι
530 3540 703 3614 ἐκέλευον
729 3542 836 3615 αδτδν
855 3537 1084 3615 (Πελοπίδαν)
1099 3543 1214 3628 εὐθὺς
1231 3539 1363 3623 ἐξιέναι
1386 3547 1450 3616 τοῦ

313 3637 561 3730 στματνπὲδοιι
581 3653 658 3729 (cap.
673 3655 707 3715 16
719 3674 747 3731 p.
760 3657 823 3728 455,
837 3657 893 3728 18).
926 3639 1040 3714 Ταῦτα
1050 3640 1212 3728 εἰπόντες
1224 3638 1291 3714 οὐκ
1305 3642 1450 3736 ἀναμεί-

313 3770 437 3830 ναντες
464 3743 548 3839 περὶ
579 3751 735 3821 τοσοῦδε
767 3751 932 3844 πολέμου
964 3751 1024 3848 τὴν
1049 3751 1228 3850 ,tonitru
1249 3750 1308 3823 τδν
1334 3753 1451 3848 δῆμον

313 3844 540 3940 ἑπιγνώμονα
566 3847 738 3940 ιενέσθαι
756 3849 923 3942 στρατιὰν
940 3851 1088 3947 ἤγειρον
1114 3865 1190 3938 (cap.
1209 3863 1245 3922 17
1263 3880 1292 3937 p.
1310 3862 1374 3936 455,
1393 3864 1451 3936 lo).

315 3945 401 4019 Quae
419 3947 566 4007 lrlstoriae
585 3957 737 4009 auctorem
756 3951 850 4024 illum,
869 3952 919 4026 qni
938 3953 1016 4026 quod
1035 3953 1104 4012 aliis
1125 3953 1157 4012 hr
1178 3956 1270 4013 rebus
1288 3953 1451 4028 descriptis

318 4033 463 4095 Romanis
482 4037 570 4097 uiuus
588 4039 700 4100 faverit
717 4039 884 4108 incusatur,
903 4041 1063 4100 secondum
1082 4059 1134 4102 eos
1161 4058 1221 4102 uon
1241 4041 1451 4117 composuisse,

315 4137 400 4180 nemo
424 4123 484 4182 erit
507 4125 578 4198 qum
601 4125 765 4197 existimem
789 4127 877 4187 humo
896 4144 969 4187 vero
993 4128 1177 4202 rorisslme’)
1202 4146 1268 4190 eum
1291 4129 1451 4204 scripsisse

317 4209 473 4284 probabile
493 4219 549 4280 est
569 4213 676 4287 quibus
696 4213 726 4271 in
745 4215 895 4289 capitibus
909 4214 959 4274 vel
977 4223 1013 4274 ex
1026 4215 1155 4276 Romam
1174 4217 1340 4294 scriptoris,
1359 4217 1450 4290 Livii,

390 4457 412 4528 ¹)
431 4457 483 4516 lies
495 4457 536 4515 ita
554 4477 611 4516 rese
629 4459 729 4518 babere
746 4461 926 4520 llommseaur
945 4479 1048 4535 quoquo
1065 4463 1129 4520 hist
1141 4463 1230 4522 ilem.⁸
1243 4463 1270 4523 ll
1290 4483 1316 4538 p.
1335 4465 1388 4522 285
1406 4467 1452 4524 flu

314 4539 361 4595 pro
388 4529 464 4584 certo
480 4531 567 4598 puae

394 4595 416 4668 ¹)
434 4595 700 4654 clarendoniam
718 4598 790 4657 dett
829 4599 890 4656 iaco
909 4617 997 4656 rorum
1013 4601 1190 4666 Romanorum
1203 4605 1331 4677 scriptore
1349 4603 1453 4662 Gracco

314 4677 413 4724 comm
432 4665 639 4724 &maenuba
657 4667 725 4724 18⁴4
743 4685 770 4742 p.
788 4617 830 4726 λλ
840 4685 898 4742 sqq.
