3300 5128
351 945 488 1020 reticere,
507 962 583 1020 quae
603 944 741 1005 andierat
764 943 940 1018 (13123,2;
965 944 1041 1018 quod
1064 943 1116 1016 (sc
1136 942 1317 1017 Iugurtham
1341 939 1463 1001 circiter

352 1035 440 1094 duum
464 1033 574 1094 nuliam
597 1033 756 1093 interuallo
780 1039 851 1092 ante
873 1033 1021 1092 Romanos
1048 1030 1225 1102 coirsalisso)
1254 1031 1387 1089 anditum
1414 1035 1464 1088 est

351 1121 418 1196 Ing.
439 1123 500 1194 loe,
517 1121 548 1192 6;
559 1109 640 1182 —'de
658 1121 770 1196 proelio
782 1120 862 1180 iacto
880 1121 1057 1180 audiebatur
1068 1118 1133 1192 Ing.
1148 1118 1194 1192 22,
1213 1119 1240 1190 1,
1259 1126 1290 1177 et
1304 1117 1383 1192 quod
1395 1117 1463 1177 aliis

351 1209 382 1268 iu
411 1209 512 1269 verbis
539 1209 616 1269 hauc
643 1215 823 1268 structuram
850 1225 970 1268 casurum
996 1207 1131 1267 variandi
1154 1223 1191 1266 ac
1218 1206 1354 1265 rurrtundi
1375 1205 1463 1279 large

353 1297 503 1370 effuseque
522 1297 578 1355 sibl
597 1297 729 1370 sumpsit,
748 1297 821 1355 illud
839 1297 908 1355 milri
927 1295 1114 1355 consumatur
1133 1311 1228 1369 neque
1251 1295 1356 1354 rnirurn
1382 1293 1463 1352 olde-

351 1384 442 1459 bltur‚
461 1385 538 1459 qnod
557 1384 626 1458 quid
647 1385 758 1442 lrabeat
780 1383 955 1448 adernionis,
977 1382 1105 1457 Trogum
1124 1389 1308 1442 structuram
1329 1383 1413 1442 illam
1437 1381 1464 1441 si

351 1489 410 1531 uon
433 1488 451 1531 e
470 1471 615 1532 Sallustio
641 1471 735 1545 ipsam
763 1471 987 1544 deprompsisse,
1014 1477 1047 1530 at
1064 1471 1165 1530 saltem
1184 1473 1223 1530 ab
1247 1488 1282 1531 eo
1305 1469 1463 1543 drrgeudae

351 1559 400 1619 uel
417 1559 590 1620 ieiunandae
608 1557 770 1632 exemplum
789 1558 846 1616 sibi
863 1558 995 1633 petiisse.

422 1646 453 1706 A
472 1646 667 1721 scriptoribus
685 1645 833 1704 nonnullis
851 1645 994 1719 peculiari
1013 1646 1097 1705 modo
1117 1646 1358 1715 accusativum·
1377 1662 1463 1721 pras·

350 1734 474 1810 ponitur
493 1735 531 1794 ad
550 1733 634 1792 linem
653 1739 707 1791 aut
724 1732 875 1792 consilium
894 1733 1119 1807 exprimendum,
1134 1735 1219 1794 cuius
1239 1750 1331 1794 carisa
1350 1733 1465 1818 aliquid

352 1824 463 1896 agitur,
482 1821 559 1897 quod
577 1821 723 1881 correlsuru
742 1820 858 1880 dicendi
876 1838 971 1902 genus
991 1823 1186 1882 exorationis
1205 1811 1411 1882 contractione
1428 1837 1464 1880 ac

350 1912 502 1971 ln·eritate
519 1910 681 1984 proiectum
699 1909 766 1968 iude
785 1925 804 1967 a
821 1908 900 1970 liirii
918 1915 1048 1984 tempore
1067 1911 1096 1968 iu
1113 1927 1196 1971 mum
1209 1911 1328 1970 renuisse
1341 1909 1463 1970 Handie

351 1999 382 2059 iu
404 1999 534 2058 'l’nrsell
553 1995 606 2056 111
624 2014 652 2071 p.
670 1996 723 2056 317
746 1996 877 2070 ridetur,
905 2014 1025 2071 quocum
1048 1997 1084 2056 ci.
1101 1997 1289 2071 Draegeraru
1313 1997 1331 2057 1
1354 2016 1382 2073 p.
1401 1999 1463 2059 ott.

277 2135 284 2150 .
352 2085 413 2146 Sed
432 2088 490 2146 lam
509 2085 589 2161 apud
607 2084 781 2144 Sallustium
799 2083 873 2143 hace
891 2090 1044 2144 structura
1065 2084 1174 2145 duobus
1197 2084 1273 2144 loeis
1296 2085 1464 2160 exhibetur,

352 2175 402 2248 qul
421 2175 514 2234 aciem
532 2175 661 2234 viroruuu
680 2172 796 2232 illorum
815 2172 1046 2232 doctissimorum
1065 2167 1149 2246 atoue
1168 2173 1364 2233 intentionem
1377 2191 1464 2250 prae·

261 2251 268 2264 ⁶
351 2261 507 2322 tenderunt
545 2261 680 2336 Quasnam
703 2261 764 2320 alia
785 2262 902 2320 ratione
923 2261 1059 2336 intellegi
1087 2263 1129 2320 its
1152 2259 1222 2322 Cat.
1240 2263 1286 2333 50,
1309 2261 1340 2322 2:
1368 2263 1464 2322 lectos

351 2357 384 2410 et
402 2351 584 2410 exercitatos
598 2349 628 2408 iu
641 2348 802 2421 andaciam,
822 2365 908 2422 qulam
927 2349 1198 2423 scripturammnlti
1220 2356 1253 2409 et
1274 2350 1395 2427 probati
1417 2368 1464 2410 co·

354 2439 435 2498 dices
454 2442 567 2510 teuent,
585 2443 616 2496 et
634 2437 704 2500 laist.
721 2436 739 2495 1
756 2438 792 2496 45
810 2445 949 2512 suspecte
966 2438 999 2498 in
1020 2438 1171 2497 tuinultum
1190 2444 1269 2509 erat,
1286 2437 1357 2498 ulai:
1381 2455 1464 2499 exer·

352 2527 462 2586 citatos
481 2527 519 2585 ad
537 2525 577 2598 id,
595 2530 629 2583 ut
647 2524 772 2584 audacia
789 2523 922 2584 laucinora
940 2525 1090 2599 suscipere
1110 2543 1146 2584 ue
1170 2531 1396 2600 cunctarentur,
1419 2534 1464 2587 ete

353 2622 494 2690 suspecta
513 2619 581 2673 erat
598 2612 739 2688 proclivis
757 2629 824 2672 esse
843 2612 881 2671 ad
900 2614 1055 2672 tumrultum
1072 2613 1258 2673 excitandum
1277 2613 1348 2688 (rid
1362 2615 1464 2675 Kritz.

351 2703 453 2776 u.1.)·l
480 2702 529 2763 De
548 2703 616 2762 allis
635 2709 719 2760 taceo
738 2700 887 2774 euernplls,
907 2719 983 2776 quae
1006 2701 1054 2761 vel
1076 2719 1175 2762 errore
1198 2702 1391 2762 librariorum
1415 2702 1464 2764 rel

351 2808 424 2850 casu
443 2798 584 2866 eounpta
602 2795 672 2849 suut
689 2797 743 2850 aut
761 2797 792 2851 et
810 2791 899 2850 aliter
917 2791 1023 2866 exponi
1036 2795 1164 2865 possunt
1203 2789 1297 2850 Cuius
1310 2798 1464 2852 construe·

352 2880 443 2938 tionis
463 2879 542 2954 apud
560 2878 692 2952 Trogum
711 2879 770 2937 tria
789 2884 893 2936 extarrt
908 2878 1053 2953 eueurpla:
1072 2895 1130 2952 carp.
1148 2878 1176 2950 5,
1196 2878 1227 2938 3:
1246 2879 1277 2937 lu
1296 2879 1395 2940 dotem
1414 2881 1464 2940 de·

351 2968 457 3035 dissuta
481 2969 512 3027 8:
530 2968 560 3026 lu
578 2967 707 3040 gratiam
725 2965 841 3024 illorum
861 2967 999 3034 occisumr
1025 2966 1056 3024 o:
1074 2966 1103 3024 iu
1119 2966 1329 3026 coutumeliam
1348 2967 1396 3028 snl
1415 2968 1464 3029 de·

350 3056 453 3116 latam.
490 3053 558 3127 Quas
580 3055 616 3113 do
639 3069 729 3111 eausa
747 3051 848 3126 'l'rogo
872 3051 1009 3112 Sallustii
1031 3054 1244 3114 studiosissimo
1268 3055 1325 3115 hae
1349 3072 1465 3130 quoque

287 3197 290 3204 ,
350 3143 534 3203 indictione
562 3142 625 3200 cius
653 3139 781 3200 studium
810 3141 880 3215 quin
908 3141 1071 3201 tribuamus
1095 3141 1169 3202 uilril
1197 3144 1319 3202 obstare
1348 3161 1465 3218 censeo,

349 3232 529 3308 praesertim
555 3246 619 3288 curn
648 3227 771 3302 Crispus
804 3227 851 3300 ,ἰιιΙ
883 3231 1101 3304 praepositione
1129 3231 1298 3292 norninibns
1330 3233 1467 3306 praelixa

350 3337 444 3381 novas
463 3319 598 3378 notiones
617 3321 648 3375 ot
665 3317 775 3390 prunus
794 3317 968 3376 formaverit
994 3325 1026 3376 et
1043 3334 1060 3376 o
1078 3317 1193 3376 Graeco
1216 3319 1412 3379 transtulerit
1434 3321 1465 3380 iu

350 3409 489 3468 Latinum
509 3423 534 3466 e
554 3422 596 3479 gc
615 3406 704 3465 decus
722 3405 752 3464 lu
771 3405 932 3464 mercedem
951 3413 1115 3481 corruptum
1133 3405 1238 3466 luistI
1258 3409 1305 3482 13;
1324 3410 1355 3469 lu
1367 3408 1465 3469 melus

350 3497 504 3557 celebrare
522 3496 589 3570 Ing.
610 3495 656 3568 73,
667 3495 698 3568 5;
717 3496 747 3554 ln
760 3495 933 3567 inmensum
952 3494 1249 3570 plauum;prnsseus;
1269 3514 1394 3572 prorum
1407 3505 1464 3558 etc

421 3584 470 3644 De
490 3584 636 3659 ‚acerbius
654 3583 769 3658 gerere‘
787 3583 814 3657 5,
831 3583 849 3643 5
868 3599 957 3658 supra
973 3601 1002 3660 p.
1019 3583 1056 3643 23
1073 3585 1207 3646 d'sserau

421 3672 546 3749 Iugrodl
564 3675 686 3733 vernum
704 3690 767 3732 cum
781 3671 943 3732 Sadustius
957 3679 988 3732 et
999 3675 1113 3747 proprie
1126 3681 1158 3734 et
1171 3674 1323 3744 translate
1337 3676 1395 3749 (-
1404 3694 1464 3738 rno-

349 3760 409 3836 liri,
437 3761 600 3837 suscipere)
620 3761 757 3830 dictum¹)
776 3777 892 3835 sempor
910 3778 974 3821 cunr
997 3761 1164 3838 occnsallnm
1188 3763 1333 3825 iunxerit:
1361 3765 1463 3826 Numi·

350 3851 429 3912 dam
441 3850 508 3925 Ing.
526 3849 571 3924 23,
588 3849 619 3922 7;
637 3851 739 3909 eadem
752 3847 818 3922 Ing.
836 3851 880 3924 42,
897 3851 922 3923 1,
941 3849 1017 3924 quod
1030 3851 1229 3912 accusativum
1242 3869 1310 3912 esse
1322 3853 1464 3916 Kdtzius

350 3939 514 4008 corrtendit3
533 3938 741 4011 magistratum
759 3937 825 4012 lug.
843 3939 887 4010 13,
905 3937 935 4008 :a
955 3955 1076 4012 reguum
1092 3939 1162 4000 laist
1182 3939 1219 4001 11
1236 3941 1316 4002 test
1330 3943 1369 4003 al.
1384 3943 1464 4004 olml·

349 4027 422 4090 liter
440 4045 459 4087 a
477 4025 577 4100 Trogo
595 4031 745 4098 receptum
764 4033 824 4085 est:
844 4025 966 4084 Italiam
984 4027 1171 4101 maresan,
1189 4029 1222 4102 7;
1240 4029 1321 4089 bella
1334 4030 1462 4092 Pontica

349 4117 517 4191 ingressum
534 4113 560 4187 7,
578 4113 608 4186 4;
627 4113 773 4172 diversam
793 4113 864 4172 tolli
882 4113 1077 4174 eoudielouern
1092 4115 1213 4190 ingredi
1231 4117 1258 4191 7,
1271 4119 1298 4178 t.

421 4203 512 4264 Haud
531 4202 592 4263 scio
611 4219 649 4261 au
669 4200 843 4261 Sallustium
862 4201 963 4260 oleant
980 4201 1007 4276 5,
1024 4202 1054 4262 5:
1076 4205 1154 4264 iuter
1178 4205 1256 4264 harre
1274 4205 1463 4269 decretorum

350 4291 577 4352 amaritudinem
595 4296 627 4349 et
643 4289 670 4362 7,
687 4289 718 4350 4:
737 4289 817 4348 lutor
835 4305 909 4362 quas
926 4289 1121 4360 difficultates.
1141 4308 1227 4368 quera
1239 4299 1464 4373 praepositione

349 4379 412 4453 llis,
440 4385 475 4440 ut
501 4378 686 4440 condiciones
714 4376 762 4439 rel
790 4381 888 4436 status
910 4377 1030 4450 indicet
1057 4378 1216 4462 monibus
1239 4385 1309 4459 quid
1328 4387 1378 4447 rel
1396 4387 1463 4461 quls

349 4474 497 4540 versetur.
526 4469 649 4544 pulsuum
675 4465 801 4526 maxime
827 4481 912 4526 usum
935 4481 1003 4525 esse
1025 4473 1173 4532 testantur
1197 4469 1266 4536 Cat.
1283 4475 1329 4548 13,
1347 4475 1365 4536 3
1382 4477 1464 4537 luter

348 4557 424 4617 laec
449 4564 559 4634 prorata
584 4561 673 4630 atam
695 4555 828 4630 decreta
857 4556 924 4618 Cat
942 4559 969 4634 3,
986 4559 1011 4619 l
1031 4559 1093 4634 Ing.
1111 4561 1157 4634 30,
1174 4563 1201 4622 3.
1219 4563 1265 4640 40,
1281 4565 1308 4627 l
1326 4567 1371 4642 47,
1388 4567 1463 4643 ³34

348 4645 431 4718 333.
454 4645 536 4722 11113.
554 4645 635 4719 712
653 4647 722 4708 laist
742 4645 795 4706 111
812 4647 911 4724 (11,27.
930 4647 985 4711 ine
1004 4650 1048 4714 iu

419 4825 440 4902 ¹)
458 4825 492 4884 a
509 4824 730 4900 annonara
751 4826 792 4885 u.
842 4787 845 4794 ’
