3308 5120
604 553 816 655 ...³3-

122 749 209 835 puod
230 749 345 834 fructu
370 749 492 814 tectioris
515 749 763 834 industriaeque
783 748 940 835 prr'ratus
970 751 1097 812 statum
1126 745 1303 832 diprritutie

122 877 190 920 rrou
213 856 382 922 obtineret.
424 853 507 920 Item
529 877 569 920 ex
593 854 680 919 Livii
703 855 845 942 epitoma
867 853 1105 940 cognoscimus,
1131 853 1302 920 Catilinam

122 971 252 1050 propter
266 961 423 1050 repulsus,
443 961 463 1026 i.
478 983 505 1026 e.
520 969 594 1048 post
609 961 739 1026 alteram
754 961 913 1048 repulsam
929 959 1157 1025 eonimarisse.
1179 958 1302 1026 Eadem
1373 945 1379 956 ⁵

123 1078 250 1134 narra-ant
272 1068 348 1148 Dio,
371 1066 528 1148 Velleius,
549 1067 679 1148 Flonrs,
700 1065 887 1154 Eutropius
932 1065 1134 1145 Quibuscum
1157 1065 1303 1131 omnibus

124 1184 278 1262 repugnat
301 1173 444 1240 Sallustii
474 1174 624 1254 nanatio,
655 1196 749 1261 quam
777 1171 969 1239 Plutarchus
996 1183 1030 1240 et
1053 1171 1222 1260 Appianas
1254 1194 1304 1238 re·

122 1289 291 1369 esperunt;
320 1279 379 1347 sed
407 1303 478 1346 cum
511 1303 641 1346 numero
665 1281 804 1361 testium,
826 1289 894 1345 tum
922 1279 1148 1368 probabilitate
1178 1277 1303 1345 illonmr

123 1387 231 1475 opinio
255 1387 363 1452 uincit.
409 1386 506 1452 Multi
528 1385 656 1473 (paridem
683 1397 717 1452 et
743 1387 773 1452 ei
803 1384 980 1453 doctissimi
1004 1409 1160 1452 summam
1184 1387 1306 1472 sagaci·

123 1503 220 1559 tatem
237 1503 513 1582 consumpserunt,
534 1505 570 1559 ut
586 1493 756 1581 probarent
778 1516 825 1574 ea,
847 1515 929 1580 quae
945 1491 1117 1558 Sallustius
1137 1491 1306 1574 nuntiarit,

123 1598 181 1666 sed
204 1599 331 1688 perdita·
352 1608 404 1666 est·
425 1622 530 1687 opera
570 1599 733 1680 Vidimus,
759 1608 897 1687 quantae
924 1597 1131 1665 difficultates
1159 1599 1306 1686 scriptori

123 1705 299 1794 prodierint
319 1729 359 1771 ex
380 1706 435 1772 illa
453 1707 652 1772 dorrrirmudi
672 1707 863 1794 eupiditate,
883 1729 947 1793 qua
962 1715 1079 1772 cuncta
1101 1705 1304 1794 interpretari

123 1811 261 1895 studuit;
287 1837 325 1880 ea
353 1813 504 1902 opinione
532 1811 680 1879 inductus
703 1813 952 1878 coniurationem
975 1811 1178 1900 anticipavit,
1204 1833 1243 1878 ea
1264 1810 1307 1878 dc

123 1943 218 1986 causa
241 1920 360 1986 facturn
385 1930 445 2002 est,
469 1928 505 1984 ut
526 1943 637 1986 omnes
652 1919 808 1986 Catilinae
824 1922 966 1986 actiones
990 1919 1073 1985 inter
1094 1942 1131 1986 se
1151 1940 1307 2008 repugna·

125 2037 203 2092 rent.
244 2027 371 2110 Omnia,
393 2051 476 2116 quae
498 2025 538 2093 de
563 2026 780 2092 coniuratione
804 2049 905 2114 usque
929 2025 971 2092 ad
994 2026 1126 2092 alteram
1146 2025 1306 2115 repulsam

125 2145 248 2200 inamata
260 2143 343 2216 strat,
358 2133 540 2212 aSallustio
555 2136 636 2200 scite
650 2134 828 2221 composita
842 2144 933 2215 sunt;
948 2131 1023 2199 inde
1035 2132 1076 2199 ab
1086 2131 1148 2200 hoc
1163 2141 1307 2221 tempere

125 2243 263 2307 namatio
282 2244 382 2328 magis
403 2241 516 2322 rebus,
539 2264 635 2328 quam
658 2241 764 2306 uerbis
787 2243 911 2306 animos
931 2238 973 2305 ad
996 2262 1031 2306 se
1052 2239 1163 2321 trahit,
1183 2241 1305 2306 etiamsi

126 2347 233 2414 urnltis
261 2348 323 2414 illis
347 2348 625 2436 anticipationibus
648 2347 798 2413 nonmdla
825 2346 931 2413 denuo
958 2346 1079 2414 referre
1102 2356 1233 2412 coactus
1255 2348 1307 2413 sit

233 2457 285 2520 27.
331 2453 471 2522 Catilina
504 2456 676 2521 corr-stituit
709 2455 830 2520 bellum
863 2455 986 2540 fucere,
1026 2455 1188 2541 peroratam
1223 2475 1308 2542 ptrue
1355 2474 1359 2483 ·

127 2563 247 2627 occulte
280 2567 476 2645 tentaverat,
508 2584 626 2650 aspera
656 2562 816 2647 foedaque
849 2567 1036 2628 creuerant,
1084 2560 1190 2648 Igitur
1222 2560 1308 2650 apud

127 2666 313 2734 Sallustium
342 2691 469 2756 quoque
492 2677 563 2756 post
597 2690 711 2734 novam
735 2668 895 2756 repulsam
919 2669 1003 2734 serio
1036 2691 1087 2734 res
1119 2668 1240 2756 agitium
1270 2689 1308 2734 ac

128 2797 203 2840 rem
226 2785 309 2856 sunt,
331 2798 413 2863 quae
436 2774 582 2841 audimus
606 2774 646 2842 de
662 2775 795 2856 llanlio,
817 2774 984 2863 Septimio,
1006 2774 1101 2854 Iulio,
1123 2774 1205 2856 aliis,
1227 2797 1308 2862 quos

129 2879 169 2945 ad
198 2880 428 2948 sollicitandam
457 2881 580 2948 Italiam
608 2881 764 2948 demissos
791 2905 863 2948 esse
886 2881 1002 2950 Cicero
1030 2882 1122 2948 testis
1151 2891 1216 2962 est,
1250 2879 1307 2948 sed

130 2985 213 3052 idem
237 2987 278 3054 de
301 2988 424 3054 Manlio
447 2991 508 3054 iam
531 3011 628 3077 supra
649 2993 727 3078 (cap.
751 2993 805 3074 24)
828 2988 948 3054 dictum
971 2997 1054 3070 erat3
1084 3011 1123 3054 ae
1146 2998 1310 3077 praeterea

130 3095 156 3160 si
187 3104 285 3160 totam
314 3095 441 3162 Italiam
469 3097 643 3162 coniuratio
670 3105 925 3184 pennanaverat,
956 3094 1043 3183 quod
1072 3095 1201 3183 saepius
1222 3093 1308 3184 apud

130 3199 315 3268 Sallustium
337 3203 489 3292 scriptum
514 3203 666 3284 vidinms,
687 3226 744 3268 eur
765 3201 871 3268 ‹lenuo
894 3225 964 3268 eam
988 3201 1116 3268 turbam
1140 3201 1310 3269 studebat?
1403 3283 1406 3286 Ι

130 3307 221 3387 Quae
246 3319 434 3396 sequuntur,
466 3333 529 3376 non
551 3310 644 3375 aliter
665 3312 799 3402 repetita
821 3317 912 3390 sunt;
947 3311 1016 3375 sine
1039 3309 1147 3397 quiete
1170 3307 1309 3376 Catilina

129 3417 377 3483 conimationem
406 3439 579 3506 propagare
607 3425 641 3482 et
666 3417 783 3482 bellum
813 3439 925 3504 parare
949 3416 1068 3482 nititur.
1114 3415 1310 3496 Dietsebius,

131 3544 170 3587 ne
194 3523 287 3590 nimis
311 3547 407 3613 saepe
429 3523 539 3590 eadem
561 3524 717 3610 legamus,
746 3533 820 3588 ante
845 3523 990 3589 insidias
1014 3524 1143 3589 tendere
1166 3531 1322 3590 removet.

131 3629 318 3698 roeabidum
357 3631 562 3714 rorarrrlibus,
586 3622 703 3718 'neque
741 3653 819 3696 rem
857 3653 895 3696 ea
933 3653 968 3696 re
1006 3627 1191 3696 Sallustium
1231 3630 1309 3696 satis

130 3747 276 3820 excusat3
299 3761 392 3803 nemo
415 3737 526 3818 eredit,
547 3738 691 3803 Antonio
713 3737 754 3802 al)
769 3737 907 3803 Catilina
930 3735 1063 3802 insidias
1086 3745 1213 3824 paratas
1228 3757 1309 3816 csse,

131 3842 188 3910 sed
220 3866 279 3910 suo
312 3846 380 3909 iure
412 3841 555 3910 Kritaius
586 3845 715 3910 eoru-suli
746 3843 889 3932 scripsit3
918 3865 1021 3930 neque
1049 3845 1133 3908 enim
1160 3843 1309 3932 cuiquam

131 3948 263 4016 insidias
295 3949 498 4032 tetendisset,
529 3951 589 4016 nisi
619 3951 776 4018 Ciceroni.
821 3949 887 4017 Sed
916 3973 1019 4038 paene
1042 3947 1227 4016 incredibile
1250 3957 1310 4030 est,

131 4053 263 4121 insidias
285 4055 438 4138 hominis,
464 4059 572 4144 quiin
597 4057 751 4124 eiusmodi
776 4057 870 4122 rebus
894 4055 1078 4137 excelleret,
1104 4079 1163 4145 per
1185 4064 1309 4122 tantum

131 4162 268 4250 spatium
300 4184 426 4250 semper
457 4163 583 4229 inutiles
615 4163 723 4229 tuisse.
752 4203 793 4213 —
822 4162 991 4244 Incendia,
1023 4184 1157 4251 qaromm
1189 4161 1310 4230 mentio

46 4303 48 4308 v
132 4269 179 4349 tit,
201 4267 263 4334 iam
291 4291 360 4358 cap.
384 4274 458 4352 24,4
483 4269 665 4336 rudioribus
688 4269 837 4336 uraudata
859 4281 965 4352 erant;
994 4278 1084 4351 sunt,
1114 4270 1170 4358 qui
1193 4267 1310 4350 (licant,

130 4376 191 4441 hoe
225 4385 367 4465 tempore
406 4377 598 4464 singulonuu
637 4387 741 4465 [tanes
779 4375 965 4466 dispertitas
1003 4399 1083 4444 esse.
1133 4374 1199 4443 Sed
1237 4398 1309 4443 eum
