3308 5120
564 637 568 644 -
610 557 821 676 ..-.⁴⁷J...„

129 773 249 854 (Valer.
273 771 436 838 Maximus
460 770 493 837 V
519 774 550 850 8,
574 775 605 854 5)
627 779 704 848 erat,
733 768 772 835 nd
797 768 964 835 Catilinam
988 768 1152 856 proiectus
1174 792 1193 836 s
1217 777 1306 858 putre
1361 815 1365 824 -

128 881 158 946 in
184 881 295 946 itinere
326 887 456 944 necatus
486 887 544 942 est.
589 875 667 961 (cn.
690 899 771 963 quae
793 875 834 942 ad
861 879 955 956 17,3
985 875 1026 940 de
1053 875 1167 942 eodem
1190 876 1307 942 bbrlvio

128 988 246 1074 scripte
267 992 362 1070 suut.)
408 985 491 1050 Mira
515 983 593 1048 haee
616 983 715 1070 patris
745 982 898 1048 severitus
922 980 1063 1064 ridetur,
1094 981 1153 1048 sed
1182 993 1307 1072 prueter

132 1095 294 1160 Valerium
319 1093 495 1157 Maximum
519 1089 585 1155 Dio
608 1113 733 1176 (proque
756 1092 820 1171 (37,
837 1091 890 1176 36)
912 1089 996 1156 irlem
1021 1090 1127 1171 refert,
1149 1112 1242 1176 quern
1265 1113 1306 1156 ex

131 1201 201 1265 Liri
226 1200 266 1265 ab
290 1199 367 1265 urbe
390 1197 518 1263 condita
541 1197 629 1262 libu's
653 1195 796 1262 hausisse
820 1196 989 1262 verisimile
1012 1204 1071 1262 est

235 1307 328 1386 erae
358 1304 419 1371 boe
449 1314 590 1390 ternpore
620 1303 742 1368 Rornae
772 1305 803 1368 in
835 1302 912 1368 urbe
942 1326 960 1368 n
989 1303 1127 1369 Lentulo
1159 1315 1307 1393 susrtepte
1342 1301 1345 1306 ’

130 1423 213 1495 sunt,
236 1412 404 1479 Sallustius
429 1413 497 1498 ipse
521 1409 761 1498 eorrrpreberulit
783 1410 890 1476 verbis
913 1411 1015 1476 sicuti
1036 1409 1184 1476 Grillius
1203 1433 1304 1500 prue-

129 1526 273 1608 rrperut:
308 1519 412 1584 nullus
443 1519 539 1604 ig'tur
567 1516 792 1610 eoniumtiouis
822 1539 1008 1604 progressus
1039 1517 1079 1582 ad
1110 1515 1143 1582 id
1166 1517 1308 1584 animeti-

131 1627 273 1692 vertitur.

238 1736 290 1798 tu.
337 1732 487 1798 Protinus
522 1755 573 1796 res
607 1729 724 1796 labitur
757 1729 898 1796 adventu
921 1731 1145 1818 Allobrogum,
1178 1731 1310 1820 quibus·

130 1863 203 1906 eum
226 1840 382 1906 Lentulus
406 1840 527 1904 iniussu
552 1837 707 1904 Catilinae
736 1861 828 1924 egere
859 1838 978 1926 incipit.
1024 1838 1137 1923 legati
1161 1839 1311 1906 Aliobro·

129 1971 214 2034 grau,
236 1949 289 2034 qui
312 1947 444 2013 Romam
465 1954 625 2027 uenerunt,
649 1955 682 2010 ut
698 1967 718 2010 u
736 1953 847 2011 senatu
863 1944 1104 2012 diminutionem
1120 1946 1309 2014 tributonun

132 2065 163 2120 et
188 2055 390 2141 vectigalium
415 2055 634 2142 impetrarent,
656 2052 688 2117 iu
713 2053 790 2120 mbe
813 2063 1028 2119 convenerunt
1050 2076 1120 2118 enm
1148 2053 1311 2122 Umbreno

132 2159 268 2248 «prumam
292 2161 416 2242 liberto,
439 2162 492 2248 rpri
510 2161 541 2226 iu
558 2159 662 2226 Gallia
680 2161 858 2246 negotiatus
875 2160 946 2226 illos
962 2170 1103 2228 ruovemt.
1128 2159 1311 2229 Umbrenus

131 2279 236 2334 atttrm
265 2269 349 2336 inter
376 2270 557 2337 eoniumtos
584 2277 660 2333 erut.
704 2265 818 2354 Itaque
845 2291 915 2332 eum
946 2277 1075 2334 senatus
1103 2267 1217 2356 legatis
1247 2292 1310 2334 non

132 2375 376 2464 sinemurum,
414 2377 467 2444 ille
500 2375 655 2464 sperarit,
691 2397 725 2441 sn
755 2373 899 2441 homines
926 2375 1058 2463 publicu
1083 2376 1312 2462 privatimque

133 2507 207 2550 crure
229 2487 339 2551 ‹tlt'mm
363 2507 532 2574 oppressos
555 2482 646 2548 iuoile
668 2479 709 2548 ad
732 2483 979 2548 eorriumtionom
1000 2481 1211 2548 ariduetunrm
1232 2505 1311 2550 esee.

135 2591 288 2659 Lentulus
305 2593 427 2673 Gallos,
450 2593 502 2677 qni
527 2590 883 2676 erunibus-temporibus
906 2612 1059 2655 novantur
1082 2611 1187 2655 rerum
1202 2589 1310 2678 cupidi

133 2697 273 2781 iuemnt,
303 2691 387 2764 reete
410 2695 612 2764 diiudicarit:
642 2719 693 2763 res
722 2697 888 2782 singularis
919 2719 1027 2762 eormu
1056 2698 1179 2764 animos
1207 2698 1312 2764 traxit.

134 2805 247 2871 Cicero
271 2805 390 2871 scilieet
414 2804 457 2886 (in
482 2803 552 2870 Cat.
575 2803 630 2868 111
655 2808 708 2888 14)
731 2813 856 2891 praeter
878 2803 1075 2872 Umbrenum
1099 2805 1196 2870 etiam
1218 2803 1312 2870 Men·

134 2910 209 2976 lium
234 2911 400 2978 Chilonem
429 2920 461 2976 ot
486 2911 521 2976 P.
545 2909 675 2977 Furium
699 2933 770 2976 oum
795 2911 898 2977 Gullis
921 2911 1025 2998 egisse
1056 2921 1177 2993 narrnt;
1209 2934 1311 2999 neque

135 3040 211 3083 roro
235 3041 271 3084 ea
295 3029 404 3105 aperta
428 3020 635 3105 repugnantis
657 3028 715 3084 est
760 3017 909 3084 Fortasse
930 3017 1123 3101 Umbrenus,
1146 3029 1182 3084 ut
1204 3029 1313 3084 urimo·

135 3127 259 3190 ritatem
282 3147 371 3190 suum
395 3135 534 3212 augeret,
557 3125 628 3192 ilios
651 3124 732 3191 diros
748 3125 890 3192 hominos
905 3149 1014 3192 seeum
1029 3125 1178 3206 adduxit3
1202 3125 1311 3192 endem

134 3230 174 3295 «le
205 3254 298 3298 musa
329 3242 442 3320 postes
469 3233 656 3314 Gabinium,
689 3232 742 3320 qui
772 3255 868 3319 eones
901 3243 983 3314 enit,
1017 3235 1202 3299 sreessitum
1233 3255 1312 3314 esse,

136 3338 306 3404 verisimile
340 3350 398 3406 est.
444 3339 543 3428 Apud
572 3339 755 3406 Sallustium
785 3339 870 3406 solus
896 3339 1079 3407 Umbrenus
1102 3340 1149 3408 eis
1173 3339 1312 3408 Gabinio

131 3453 304 3532 praesente
327 3449 502 3513 rorsu'iium
527 3449 653 3534 aperus
683 3445 740 3514 sod
764 3469 914 3534 quosnam
938 3457 1045 3536 partes
1069 3450 1190 3514 interea
1213 3449 1312 3514 Gabi·

136 3553 206 3618 nius
230 3553 346 3642 Capito
370 3559 448 3642 (cap.
474 3557 526 3638 ll)
549 3556 634 3641 egit?
672 3556 724 3620 An
749 3555 876 3620 onmiuo
899 3554 940 3620 ad
964 3577 1029 3620 reru
1046 3557 1167 3622 tacuit?
1204 3554 1312 3622 Inrre·

135 3658 232 3725 dibile
266 3658 298 3725 id
318 3671 381 3742 est,
412 3661 543 3727 ‘etiamsi
574 3661 743 3728 Sallustius
773 3685 837 3727 rem
868 3663 913 3727 itn
941 3663 1088 3750 pinxerit.
1134 3663 1249 3750 Hagen
1272 3685 1312 3729 es

135 3765 299 3832 Ciceronis
322 3767 416 3832 tertie
440 3770 581 3834 oratione
604 3773 706 3854 (ξ12)
728 3819 737 3850 ,
761 3769 812 3834 ubi
837 3767 994 3834 Grrlrinius
1022 3771 1152 3835 (l'rulrer
1171 3769 1313 3836 nomine·

135 3882 196 3954 tur,
223 3873 354 3956 conicit,
389 3874 474 3940 illum
504 3876 645 3963 ceraunis
674 3875 789 3941 eximia
813 3876 1027 3962 stinguitudiue
1051 3875 1155 3943 Gallis
1178 3875 1312 3943 mimire-

135 3979 252 4046 tinnem
289 3982 405 4046 inicere
441 3981 589 4049 voluisse.
653 3981 717 4048 Sed
756 3982 815 4048 ime
853 3983 1032 4050 eonieetnrn
1074 3985 1167 4050 nimis
1208 3981 1313 4073 ‹lepri-

139 4095 271 4152 mnntur
293 4088 345 4153 rel
369 4087 588 4177 despiciuntur
610 4087 711 4170 Galli,
732 4091 785 4178 qui
810 4091 841 4156 in
865 4101 931 4156 totu
955 4091 1168 4157 trnnsaetione
1194 4100 1313 4158 tautum

135 4215 237 4258 rumm
268 4194 465 4281 publicarum
496 4197 734 4283 intelligentiam
759 4196 946 4279 ostendunt,
981 4209 1018 4264 ut
1039 4197 1202 4264 Rournnos
1225 4199 1313 4287 ipsos

134 4297 208 4364 ‹lolo
232 4310 397 4388 suporeut;
420 4303 574 4368 eiusuuuli
598 4313 682 4370 ortes
706 4304 737 4370 iu
761 4313 855 4389 grute
877 4304 1019 4386 lutrbam,
1041 4327 1104 4372 nou
1128 4305 1161 4370 in
1185 4305 1313 4372 tratione

135 4403 409 4496 Vercingetorigis
440 4411 533 4476 utiles
568 4411 715 4481 luissent.
763 4411 912 4478 Cotenuu
945 4435 1015 4478 eum
1051 4411 1113 4478 illis
1149 4413 1313 4479 Ciceronis
