3274 5032
50 528 60 549 ⁹
117 541 123 630 ξ
264 532 300 594 ut
324 525 483 608 uidimus,
505 524 608 601 tonte,¹
629 522 686 610 qui
708 542 729 588 a
750 519 906 589 Cicerone
922 539 987 586 noo
1003 519 1097 588 ratde
1112 518 1336 606 cruoremque
1350 540 1371 587 a
1385 519 1549 600 Sallustio,

263 649 345 696 usas
366 629 422 710 sit,
445 645 487 696 ea
508 627 671 694 sententia
692 625 803 712 respui
820 645 892 691 -non
914 629 1029 712 potest.
1052 621 1183 690 Livium
1199 623 1285 692 hunc
1300 626 1421 724 tentem
1437 625 1549 705 tuiise,

264 731 463 819 praesertim
487 749 562 796 cum
586 729 616 796 ei
640 728 734 810 lenti,
756 749 775 794 s
796 747 860 814 quo
882 725 1077 794 Plutarchus
1100 726 1134 794 in
1169 747 1197 794 c.
1229 729 1278 794 10.
1301 733 1333 795 et
1357 730 1407 795 11.
1429 727 1549 807 haurit,

118 851 123 858 ’
152 857 155 864 ’
264 853 463 923 propensum
486 833 522 900 in
545 833 720 920 optimates
742 831 891 899 studium
915 829 1173 898 abiudicaurlum
1195 849 1259 896 nou
1281 831 1334 898 sit.

348 935 428 1023 Cap.
455 935 504 1000 12.
528 934 562 1000 11
586 931 655 1001 vit.
677 931 745 1002 Cic.
768 933 894 1018 (confer
917 953 944 1000 c.
969 933 1020 999 14.
1056 931 1145 1017 init.)
1169 934 1310 1022 scriptor
1331 935 1439 1016 refert,
1472 954 1550 1000 con·

264 1037 390 1105 iuratos
412 1043 493 1120 tum,
515 1057 587 1104 cum
623 1036 798 1125 populares
840 1057 913 1104 cum
942 1037 1155 1123 optimatibus
1189 1037 1343 1105 acerrime
1378 1041 1551 1118 certarent,

45 1128 52 1142 '
102 1126 123 1240 ζ
263 1160 358 1224 agere
381 1159 447 1206 non
470 1159 566 1210 111111
588 1161 669 1208 esse.
713 1137 810 1207 Recte
833 1139 1000 1219 miramur,
1023 1139 1110 1224 quod
1133 1137 1327 1232 Plutarchus
1361 1160 1427 1208 nou
1460 1159 1549 1207 com·

264 1243 471 1324 memoravit,
504 1262 562 1308 cur
593 1241 754 1309 coniurati
784 1239 939 1308 siluerint
967 1259 1072 1326 neque
1096 1261 1131 1308 se
1154 1244 1396 1310 commoverint.
1440 1242 1550 1331 lpsum

264 1351 374 1413 autem
397 1345 601 1432 scriptorem,
623 1365 718 1431 qrrem
742 1342 936 1411 Plutarchus
958 1344 1117 1430 sequitur,
1139 1342 1227 1412 baud
1250 1351 1337 1412 recte
1351 1347 1551 1430 cognovisse,

265 1467 330 1537 quo
352 1454 496 1534 tempore
511 1447 693 1515 coniuratio
709 1449 810 1528 heret,
826 1447 897 1513 eius
912 1446 960 1512 rei
976 1445 1166 1514 testimonia
1177 1455 1255 1516 sunt
1270 1448 1359 1516 haec.
1404 1447 1548 1516 Primum

265 1550 410 1639 scriptor
432 1548 641 1638 popularium
669 1550 814 1637 impetus
852 1550 887 1616 iu
923 1549 1094 1635 optimates
1127 1569 1154 1617 c.
1181 1552 1219 1616 12
1256 1551 1328 1619 init
1356 1548 1554 1637 προάγωνας

273 1653 439 1742 appellat,
461 1651 496 1719 icl
519 1658 579 1736 est,
600 1653 751 1740 scriptor,
772 1652 829 1739 qui
853 1653 893 1720 de
914 1657 1058 1738 tempore
1092 1653 1230 1737 originis
1262 1653 1496 1722 coniurationis
1518 1653 1552 1719 iu

265 1755 415 1824 Sallustii
437 1754 629 1822 auctoritate
651 1753 772 1838 haeret,
809 1754 967 1836 nesciens,
1004 1754 1127 1821 utiam
1161 1775 1264 1843 supra
1295 1754 1452 1836 diximus,
1488 1775 1553 1842 quo

265 1865 412 1948 tempore
433 1856 615 1926 coniuratio
637 1857 778 1945 primum
815 1855 948 1924 omniuo
981 1859 1182 1945 apparuerit,
1220 1857 1303 1927 nihil
1338 1853 1455 1928 melius¹
1485 1879 1554 1926 sese

265 1962 375 2030 iacere
399 1980 494 2049 posse
516 1959 645 2048 putauit
666 1979 764 2048 quam
788 1965 826 2026 ut
847 1957 906 2027 hoc
930 1959 1026 2026 modo
1041 1979 1111 2026 rem
1127 1965 1291 2030 tractaret.
1334 1959 1404 2029 Huc
1420 1960 1554 2040 accedit,

236 2061 353 2154 'quoti
376 2062 570 2133 Plutarchus
592 2069 706 2131 narrat
728 2061 771 2148 (c.
797 2061 848 2128 14.
871 2063 906 2128 11
931 2060 1010 2130 Vita
1036 2061 1129 2146 Cic),
1163 2083 1183 2131 a
1216 2063 1377 2132 ueteranis
1410 2061 1553 2133 Sullanis

118 2132 147 2238 Ι,
265 2165 442 2238 Catilinam
464 2187 535 2234 esse
570 2167 746 2248 irritatum,
783 2172 822 2234 ut
842 2187 912 2234 rem
936 2165 1101 2254 publicam
1136 2173 1343 2254 perverteret,
1366 2187 1496 2256 eosque
1517 2185 1552 2232 11

265 2275 337 2338 tum
357 2290 434 2337 cum
454 2267 598 2336 Catilina
618 2269 839 2354 coniunxisse,
875 2289 949 2337 cum
972 2269 1180 2337 consulatum
1202 2275 1338 2358 peteret,
1360 2276 1392 2338 et
1414 2271 1454 2338 ob
1478 2289 1551 2336 eam

265 2391 397 2440 caueam
420 2393 454 2440 se
476 2371 611 2464 Romam
633 2371 822 2456 contulisse,
859 2391 922 2459 quo
952 2371 1025 2439 eius
1059 2372 1210 2458 petitioni
1243 2372 1454 2441 consulerent.
1497 2372 1551 2439 An

266 2479 440 2564 quisquam
463 2474 600 2557 dubitet,
637 2477 718 2562 quin
739 2474 803 2543 loci
827 2473 1003 2554 Plutarchi,
1035 2495 1062 2541 c.
1088 2477 1149 2556 10,
1172 2475 1228 2544 uhi
1251 2476 1291 2543 cle
1314 2475 1548 2544 coniurationis

266 2579 367 2648 sociis
390 2580 458 2648 iam
481 2577 667 2648 coniunctis
689 2583 722 2646 et
743 2578 785 2644 cle
807 2581 896 2644 motu
920 2577 954 2644 iu
977 2575 1111 2646 Etruria
1132 2583 1228 2666 atque
1250 2579 1286 2646 in
1315 2577 1422 2646 Gallia
1455 2577 1551 2646 cisal-

267 2683 358 2770 pina,
379 2688 413 2751 et
433 2703 461 2750 c.
486 2684 548 2766 14,
571 2681 628 2749 ubi
660 2679 700 2748 cle
722 2673 886 2747 ueteranis
923 2678 1098 2747 Catilinam
1138 2680 1393 2750 sollicitantibus
1429 2681 1553 2748 dictum

267 2789 326 2866 est,
350 2785 436 2854 inter
457 2804 492 2852 se
515 2803 698 2870 repugnare
719 2782 921 2850 rideanturt
963 2780 1041 2861 Quae
1063 2781 1210 2851 eiusdem
1224 2783 1393 2873 scriptoris
1409 2780 1550 2874 [Plutar-

269 2881 335 2976 chi]
373 2886 571 2955 diilereutiee
604 2885 681 2954 inde
703 2890 782 2953 sunt
815 2885 1026 2968 dedrrcenrlae,
1060 2885 1148 2973 quoti
1183 2884 1240 2954 ille
1262 2907 1304 2954 ex
1326 2887 1413 2954 toute
1436 2884 1555 2968 hausit,

268 2989 325 3076 qui
348 2991 416 3057 iam
437 2986 586 3057 Sallustii
608 2989 802 3055 arroteritate
825 2987 981 3076 deceptus
1003 2987 1038 3056 in
1077 2987 1215 3061 dubium
1252 2988 1379 3056 ridetur
1413 3007 1556 3072 vocasse,

271 3111 350 3159 num
374 3091 489 3160 Cicera
512 3095 600 3160 recte
622 3090 757 3174 dixerit,
779 3091 1036 3158 coniurationem
1060 3097 1137 3160 ante
1169 3111 1290 3158 annum
1323 3093 1374 3160 63.
1411 3091 1556 3159 nondum

271 3213 347 3262 esse
382 3195 513 3262 tactam.
556 3192 640 3261 Nam
677 3191 887 3261 Plutarchum
924 3213 966 3262 ex
998 3193 1154 3262 Sallustio
1192 3193 1263 3282 ipso
1299 3215 1364 3262 non
1399 3192 1557 3276 hausisse,

271 3315 313 3364 ex
345 3316 384 3363 eo
414 3295 623 3382 intelligitur,
657 3294 746 3383 quocl
778 3314 881 3383 supra
911 3295 1067 3365 diximus.
1112 3296 1204 3365 illem
1227 3295 1402 3366 Sallustius
1424 3315 1557 3384 prorsus

271 3397 437 3467 dissidens
459 3418 481 3466 a
501 3395 674 3466 Plutarcho
696 3421 762 3468 uon
784 3401 888 3468 refert
902 3397 1024 3491 [center
1039 3421 1067 3470 c.
1085 3402 1137 3484 16,
1151 3424 1188 3484 ..ς
1203 3401 1256 3484 24,
1270 3395 1320 3489 ,.],
1336 3420 1401 3488 que
1416 3406 1559 3488 tempure

271 3498 417 3567 Catilina
439 3498 591 3568 Sullanos
612 3499 677 3569 eibi
712 3502 929 3570 coniunxerit
974 3501 1046 3582 Qua
1066 3523 1108 3572 ex
1131 3522 1166 3571 re
1199 3501 1313 3586 elucet,
1346 3502 1555 3571 Plutarchum

271 3602 345 3691 ipse
366 3601 523 3670 Sallustio
545 3621 641 3669 usum
664 3624 729 3672 non
752 3625 834 3688 esse,
857 3604 893 3671 id
915 3604 1002 3693 quod
1025 3605 1233 3672 confirmatur
1249 3625 1296 3688 ec,
1318 3604 1452 3693 quadiu
1469 3605 1559 3694 capi·

271 3704 361 3774 tibus
383 3703 619 3794 posterioribus
642 3704 808 3774 Plutarchi
832 3706 978 3775 narratio
999 3727 1020 3773 a
1041 3704 1197 3774 Sallustio
1218 3705 1314 3794 plane
1337 3706 1454 3776 differt.

357 3805 538 3886 Quomiuus
559 3813 669 3876 autem
684 3807 870 3876 Ciceronem
888 3812 1050 3877 auctorem
1068 3807 1235 3876 Plutarchi
1251 3808 1286 3877 in
1303 3829 1372 3898 cap.
1392 3809 1559 3878 1211111111

273 3929 450 3992 sumamus,
471 3909 507 3976 id
529 3928 588 3976 nos
609 3909 771 3996 prohihet,
794 3911 880 3997 quod
902 3911 959 3978 rix
982 3909 1181 3979 credendum
1204 3916 1262 3994 est,
1295 3911 1481 3981 Ciceronem
1509 3911 1572 3981 his.

273 4011 382 4079 verbis
405 4011 445 4081 cle
458 4008 494 4077 C.
515 4011 661 4080 1111111111
683 4011 809 4098 collega
829 4032 925 4080 usum
947 4032 1018 4081 esse
1043 4022 1117 4096 ,aot
1137 4009 1373 4098 κατειργάσατο
1389 3999 1433 4108 ’τῇ
1453 4013 1561 4102 χάριτι

273 4112 376 4208 ταύτῃ
403 4111 462 4180 τὰν
491 4111 668 4182 ’Λντώνιον
694 4113 803 4201 ὥσπερ
836 4113 1011 4204 ὑποκριτὴν
1042 4117 1208 4202 ἔμμισθον
1239 4113 1329 4202 calce?
1355 4113 1397 4182 ccl
1424 4114 1561 4203 δεύτερα

273 4217 378 4300 λέγειν
399 4213 479 4302 111111
500 4215 555 4303 τῆς
576 4217 754 4303 arcatpr'clcc‘⁴
779 4225 814 4285 et
827 4218 923 4305 quod,
937 4217 1035 4308 [conl.
1047 4217 1146 4286 John.
1162 4237 1194 4306 p.
1209 4219 1270 4286 748
1288 4216 1320 4286 ll.
1336 4213 1432 4307 toul,
1447 4239 1562 4288 secuu-

275 4319 354 4388 dum
375 4316 563 4386 Ciceronem
585 4325 661 4387 aute
683 4339 810 4388 annum
832 4321 884 4388 63.
907 4321 1090 4388 1111111111
1112 4318 1258 4388 nondum
1280 4321 1418 4390 exstitit.

362 4419 508 4509 Scriptor
530 4421 566 4487 in
589 4439 617 4488 1.
642 4421 799 4490 1211111
822 4423 1022 4507 rogationem
1048 4422 1087 4490 cle
1109 4422 1363 4510 proscriptorum
1387 4422 1465 4492 tiliis
1486 4429 1563 4492 aute

273 4522 359 4612 leges
382 4521 529 4610 agrarias
552 4521 647 4612 ponit
668 4519 795 4613 [contar
817 4523 853 4592 111
875 4521 982 4594 Pison.
1005 4542 1032 4592 c
1055 4517 1283 4614 11111111
1306 4523 1359 4594 hic
1381 4545 1473 4594 error
1495 4545 1562 4594 1111
