3308 5120
898 717 1032 726 ..-—·

350 821 587 890 accommodata
608 831 666 900 est,
688 819 851 899 rhetorico,
873 841 932 884 noa
953 819 1099 884 historico
1121 818 1207 886 laudi
1230 829 1287 886 eet.
1327 820 1407 888 Cum
1429 821 1509 887 liber

350 930 539 996 festinanter
561 929 696 1015 scriptus
718 928 768 1006 sit,
791 927 900 992 mirum
922 947 979 990 aon
1003 935 1060 1007 est,
1082 925 1166 1013 quod
1190 927 1325 993 leviores
1341 927 1508 995 nonnullae

350 1036 575 1124 repugnantiae
595 1036 626 1100 ia
643 1034 782 1100 oratione
798 1040 883 1098 suut:
907 1030 1002 1097 eidem
1019 1031 1164 1114 Lentulo,
1187 1035 1276 1100 cuius
1291 1055 1386 1120 supra
1400 1039 1464 1116 (32,
1476 1039 1508 1118 2)

350 1149 542 1228 eopnonerat
560 1147 748 1228 pronqriom
771 1139 952 1206 oraclueiom.
972 1136 1031 1204 lroc
1054 1138 1124 1204 loco
1145 1141 1313 1226 iprroaiom
1333 1141 1507 1227 opprobrio

350 1249 419 1334 (Ιιιῑ,Ι
448 1248 490 1315 ibi
516 1248 599 1314 enim
622 1246 796 1326 audaciam,
827 1245 879 1310 hio
901 1243 1050 1330 ignaviam
1074 1267 1125 1311 res
1148 1247 1335 1334 postulabat.
1381 1247 1508 1313 Dixerit

350 1350 517 1444 quispiam,
540 1353 707 1422 Catilinam
730 1351 904 1418 calamitate
926 1349 1065 1416 eloctum
1088 1356 1276 1419 senteutiam
1299 1375 1386 1419 sumn
1407 1363 1508 1418 nearta-

350 1462 449 1543 visse,
480 1460 539 1527 sed
569 1459 660 1526 facilc
691 1481 753 1524 uno
781 1457 876 1523 verbo
906 1455 937 1523 id
964 1458 1127 1546 significari
1152 1461 1264 1547 potuit.
1309 1459 1399 1526 Idem
1422 1458 1508 1542 dicit,
1618 1468 1623 1478 '

350 1591 384 1634 sc
401 1578 532 1657 pmpter
546 1568 725 1634 socordiam
742 1565 877 1630 Lorrluli
897 1565 930 1628 ia
955 1565 1095 1630 Gallium
1111 1567 1282 1652 proficisci
1308 1567 1508 1654 ›aequumsse3

350 1673 407 1742 sed
423 1674 624 1742 manifestum
640 1682 698 1753 est,
721 1671 888 1738 Catilinam
902 1670 1022 1736 Lentrdi
1042 1673 1217 1754 consilium,
1240 1684 1276 1738 ut
1290 1673 1507 1740 Satumalibus

350 1781 425 1849 orbs
459 1779 693 1861 incenderetur,
725 1778 981 1866 comprobavisse.
1024 1777 1136 1866 Itaque
1166 1779 1321 1846 lerutulus
1352 1781 1508 1846 inunerito

351 1889 540 1976 increpatur.
585 1887 696 1974 Neque
720 1895 792 1950 ante
814 1884 921 1950 Nonas
941 1883 1130 1952 Decembres
1153 1886 1193 1952 de
1217 1887 1293 1974 iuga
1315 1889 1347 1952 in
1371 1885 1507 1952 Galliam

350 1995 516 2084 quisquam
537 1995 696 2081 cogitavit,
718 2014 789 2058 eum
805 2013 911 2057 omnes
926 1993 1071 2057 meinrati
1088 2005 1258 2081 sperarent,
1280 2015 1315 2060 se
1331 1995 1507 2081 superiores

349 2101 547 2169 discessuros
575 2123 654 2167 esse.
678 2139 718 2149 -
747 2097 811 2165 Sed
840 2097 985 2163 eiusmodi
1015 2121 1135 2164 errores
1157 2101 1293 2167 leviores
1316 2109 1403 2182 surrt,
1438 2109 1504 2166 tota

351 2210 450 2275 oratio
474 2208 639 2296 aptissima
662 2205 799 2288 videtur,
822 2205 848 2272 ei
871 2215 1060 2292 eomparatur
1082 2229 1153 2272 erum
1177 2230 1227 2289 ea,
1256 2231 1317 2294 qm
1339 2205 1507 2274 Sallustius

349 2322 427 2405 (cap.
447 2318 501 2400 20)
524 2314 749 2382 coniurationis
772 2314 895 2379 initium
917 2313 993 2378 iecit
1030 2313 1095 2378 Hie
1119 2317 1202 2380 euim
1224 2314 1274 2380 illu
1293 2313 1504 2401 praeiudicato

349 2424 457 2510 opinio
480 2425 547 2487 vim
571 2421 663 2488 ullam
685 2419 800 2488 babere
823 2420 882 2484 iarn
906 2441 962 2484 non
985 2429 1097 2506 potest

457 2529 607 2616 Sequitur
632 2550 754 2616 pugna,
789 2549 881 2614 quam
910 2534 1047 2592 accurrate
1071 2526 1238 2594 Sallustius
1261 2529 1372 2616 pinxit.
1417 2527 1507 2610 Sunt,

348 2636 401 2724 qui
432 2636 485 2702 hio
513 2657 638 2726 quoque
661 2657 761 2723 pauca
783 2631 960 2721 corrigenda
981 2655 1050 2699 esse
1073 2645 1236 2700 censeant:
1261 2635 1380 2701 nullum
1403 2635 1507 2702 locum

350 2744 467 2810 circum
496 2743 665 2809 Pistoriam
698 2740 802 2826 bodie
823 2763 906 2820 esse,
939 2741 989 2827 qui
1019 2763 1090 2806 curn
1123 2740 1333 2830 descript-ioue
1367 2741 1508 2810 Sallustii

347 2849 491 2916 absolute
522 2851 697 2916 conveniat
742 2846 805 2914 Sed
836 2845 1009 2914 credib'dius
1037 2857 1098 2927 est,
1128 2857 1268 2914 naturam
1300 2848 1439 2914 locorum
1461 2849 1506 2916 ibi

347 2979 404 3046 per
435 2957 563 3023 saecula
591 2963 739 3022 ulutatum
769 2976 853 3034 esse;
888 2962 948 3019 tam
977 2953 1065 3020 rnrdti
1095 2954 1177 3020 enirn
1208 2966 1289 3036 tum,
1326 2979 1397 3022 cum
1426 2955 1508 3022 liber

348 3063 502 3144 ederetur,
526 3063 686 3143 vivebant,
708 3062 761 3149 qui
784 3083 906 3148 pugnae
928 3060 1137 3143 interfuerunt,
1160 3073 1195 3128 ut
1210 3061 1378 3128 Sallustius
1400 3062 1432 3128 in
1447 3062 1507 3128 luae

347 3193 381 3238 re
404 3171 472 3237 falli
495 3193 560 3236 non
583 3177 698 3258 posset
743 3169 808 3234 Alii
825 3168 1096 3255 interrogaverunt,
1119 3168 1202 3234 unde
1219 3169 1355 3236 Catilina
1370 3169 1506 3257 aquilam

350 3277 445 3343 Marii
468 3277 653 3367 sumpserit;
676 3299 712 3342 ac
735 3276 846 3342 mirum
870 3298 942 3341 eane
963 3286 1058 3355 esset,
1086 3275 1112 3340 si
1136 3275 1271 3341 Romani
1294 3276 1420 3364 superbi
1444 3287 1506 3343 tro-

347 3407 460 3473 paeum
493 3384 645 3452 uictoriae
677 3382 852 3450 Cimbricae
885 3383 914 3448 in
945 3383 1032 3469 primi
1064 3383 1215 3470 cuiusque
1254 3383 1397 3450 inanibus
1434 3384 1507 3450 reli-

348 3493 501 3579 quissent.
548 3491 611 3558 Sed
643 3490 757 3558 Cicero
790 3489 872 3556 idem
904 3488 982 3578 apud
1014 3489 1207 3576 frequentem
1242 3499 1385 3556 senatum
1416 3489 1507 3572 dixit,

347 3598 452 3688 itaque
464 3621 516 3665 res
530 3601 561 3664 in
574 3597 704 3665 dubium
717 3599 821 3663 vocari
838 3621 899 3662 non
913 3606 1012 3685 potest
1028 3595 1109 3679 (Cat
1120 3595 1166 3663 II.
1180 3601 1241 3681 13).
1264 3598 1354 3677 erot
1364 3596 1507 3665 homines

347 3703 485 3772 Catilina
508 3706 541 3771 in
565 3728 700 3794 pugnam
724 3703 862 3786 «luxerit,
889 3703 1049 3770 Sallnstius
1072 3727 1133 3768 nou
1158 3706 1277 3785 uarrat;
1307 3727 1406 3793 neque
1430 3728 1506 3772 vero

347 3813 392 3878 ita
415 3813 504 3878 molti
530 3821 626 3878 crant
671 3811 746 3895 (Dio
770 3834 824 3876 eos
847 3811 905 3876 tria
926 3810 1004 3875 milia
1028 3809 1127 3877 larissa
1150 3811 1261 3894 refert,
1282 3813 1335 3899 qui
1360 3835 1506 3878 uulnerare

345 3927 430 3985 certe
458 3941 522 3985 non
551 3920 665 3986 nimius
694 3925 762 4002 est.)
807 3917 879 3984 Hoc
905 3941 997 4006 parvo
1026 3941 1065 3984 ex
1087 3941 1218 3986 nunrero
1241 3931 1346 3986 autem
1369 3931 1508 4008 apparet,

345 4048 397 4107 ea,
424 4047 504 4113 quae
533 4025 573 4093 de
601 4036 712 4092 erratura
736 4025 874 4090 looonnn
899 4023 1059 4092 Satllrmtius
1091 4028 1289 4108 memorarit,
1323 4047 1397 4092 vera
1428 4049 1506 4093 esse

346 4131 459 4220 Neque
469 4133 554 4200 eninr
566 4135 597 4198 in
607 4155 718 4220 cunrpo
729 4143 838 4219 aperto
850 4141 911 4198 tam
923 4133 1007 4220 pauci
1024 4132 1144 4198 tannliu
1158 4135 1305 4200 resistcre
1320 4135 1506 4221 potuissent.

454 4239 543 4307 Seite
566 4239 606 4306 de
629 4239 666 4308 C.
689 4239 829 4306 Antonio
852 4237 1010 4306 saturon
1033 4240 1168 4327 scripsit.
1212 4242 1389 4323 ⁴latonius,
1408 4243 1504 4330 pecli·

268 4361 270 4364 ·
346 4347 406 4410 liora
441 4369 536 4432 nuper
570 4349 656 4434 qrrod
682 4347 806 4434 proelio
837 4347 941 4412 adesse
971 4347 1134 4433 nequibat,
1167 4347 1215 4414 M.
1251 4348 1376 4414 Petreio
1406 4351 1507 4436 lupulo

346 4453 525 4520 exereitum
557 4455 727 4541 perradlit.
774 4451 935 4520 Dmmaun
964 4454 1186 4543 interpretatam
1216 4453 1303 4535 haec,
1332 4457 1506 4524 Antonium
