3308 5120
603 571 728 670 ⁴...25

122 787 193 828 nom
226 786 344 828 novum
371 785 491 841 omaro,
524 761 578 848 qui
607 771 670 826 tam
697 771 823 826 strenuo
851 761 1048 849 optimatium
1071 783 1197 826 «rumam
1220 763 1294 848 egit

124 869 294 936 Sermones
317 869 414 950 Curii,
437 890 536 955 quem
559 888 704 934 censores
722 868 840 955 prona·
855 867 965 952 prolia
980 873 1098 934 seriola
1117 873 1293 942 rreoreront.

123 977 183 1062 qui
211 997 315 1062 ireque
342 977 446 1040 die-ere
470 996 575 1061 neque
597 976 703 1060 [neers
725 975 908 1060 prriclqrmm
927 975 1027 1060 pensi
1047 973 1198 1056 lubelot,
1231 996 1295 1039 non

123 1081 314 1163 effecissent,
337 1091 373 1147 ut
395 1091 524 1147 senatus
547 1103 567 1146 a
589 1079 800 1168 praeiudieata
820 1081 940 1146 ordinis
956 1081 1105 1168 opinione
1120 1078 1296 1159 desisteret,

122 1212 216 1276 qnam
245 1211 303 1276 per
328 1187 452 1253 saecula
475 1196 668 1254 servaverat
713 1190 763 1253 Ac
786 1186 901 1253 stultus
924 1185 1063 1254 Catilina
1085 1186 1213 1269 fuisset,
1241 1187 1296 1273 qui

122 1295 183 1360 lroo
212 1317 296 1360 auno
325 1303 455 1381 propter
484 1295 732 1360 coniumtionem
760 1292 916 1380 repulsam
944 1293 1065 1374 tulerit,
1097 1293 1124 1358 si
1147 1315 1230 1358 anno
1253 1293 1296 1359 63

123 1400 229 1467 denuo
258 1398 389 1467 eandem
417 1403 502 1466 viam
533 1402 692 1488 ingressus
721 1409 819 1480 esset,
851 1399 907 1466 sed
935 1400 1017 1466 iufra
1039 1398 1208 1467 Sallustius
1236 1398 1298 1464 hoc

124 1532 197 1576 eum
221 1507 335 1574 fecisse
358 1507 505 1575 narrabit.
1216 1583 1218 1588 .

232 1618 284 1681 24.
316 1617 421 1702 Aegre
441 1614 529 1680 filum
551 1614 736 1680 manationis
760 1613 916 1702 usquead
932 1614 1095 1680 Ciceronis
1111 1612 1298 1679 electionem

124 1721 282 1810 prolatum
305 1732 367 1802 est,
390 1719 446 1788 scd
470 1720 545 1787 inde
569 1720 610 1787 ad
634 1723 828 1810 eruptionem
852 1721 924 1809 plus
947 1719 1114 1786 duodecim
1137 1718 1298 1788 mensibus
1387 1790 1398 1804 ,

124 1837 210 1909 sunt,
249 1826 334 1915 quod
369 1829 505 1915 spatium
541 1850 663 1894 smumo
695 1850 789 1916 opere
821 1827 989 1894 Sallustius
1021 1827 1149 1916 explere
1182 1825 1298 1893 studet

124 1935 264 2023 Cupiose
287 1935 429 2022 exponit,
452 1945 602 2022 quantam
627 1957 754 2022 operam
777 1933 914 2000 Catilina
936 1933 1077 2017 dederit,
1099 1943 1137 2000 ut
1157 1933 1301 2000 eonium·

124 2042 257 2123 tionem,
294 2064 374 2129 quae
402 2040 498 2107 modo
527 2043 737 2128 expectationi
766 2063 828 2106 non
857 2040 1076 2129 responderat,
1113 2064 1171 2129 per
1201 2049 1299 2106 totam

126 2148 254 2214 Italiam
283 2157 485 2237 propagaret3
519 2171 621 2235 neque
653 2156 756 2213 tauron
784 2148 874 2235 plura
901 2147 1018 2215 referre
1049 2156 1170 2237 potest,
1206 2169 1300 2234 quam

125 2277 212 2320 amm
234 2255 275 2321 ab
298 2277 335 2320 eo
363 2264 472 2342 parata
496 2263 529 2320 ct
552 2255 715 2342 pecuniam
738 2254 890 2322 Faesulas
921 2253 962 2320 ad
992 2254 1149 2321 Manlium
1172 2255 1299 2320 missam

126 2385 205 2427 esse.
252 2361 321 2430 Vix
344 2360 500 2443 cruderes,
523 2361 680 2427 Manlium
695 2362 757 2426 iam
773 2370 839 2427 tum
855 2384 982 2428 manum
998 2371 1189 2428 narratorum
1204 2361 1301 2428 eolle-

125 2469 227 2554 gisse3
258 2467 401 2534 Kritzius
423 2468 563 2555 quidem,
585 2469 639 2555 qui
663 2469 694 2533 in
711 2467 909 2535 Sallustiauis
932 2467 1047 2534 studiis
1070 2469 1206 2534 maxime
1228 2490 1300 2556 ver·

130 2583 218 2641 satus
247 2585 309 2658 est,
342 2574 383 2640 ad
410 2585 507 2663 eaput
535 2577 576 2641 27
606 2573 749 2642 adnotat:
782 2575 908 2642 Fuerat
930 2576 1084 2642 Manliae
1110 2577 1183 2642 iam
1209 2597 1300 2642 omaro
1389 2631 1392 2636 Α

125 2689 202 2748 orric
225 2685 285 2770 (64
299 2705 329 2749 a.
352 2683 441 2769 Cirr.)
470 2683 635 2765 lleeszrlis,
658 2689 698 2748 at
715 2689 811 2768 potet
832 2705 871 2748 ea
885 2704 912 2749 e.
933 2687 987 2768 24,
1003 2687 1038 2749 2.
1083 2679 1148 2748 Sed
1158 2683 1301 2750 Ιίοηια-νη

129 2811 205 2854 curru
235 2811 312 2855 eum
343 2790 441 2855 turdo
468 2811 533 2856 suo
559 2793 728 2856 necaverat
753 2789 899 2855 Catilina
922 2791 1180 2876 adpetitionem
1203 2811 1301 2855 suam

127 2896 320 2962 iuvandam.
369 2895 432 2962 Sed
466 2897 615 2980 turbam,
650 2917 730 2983 quae
760 2896 811 2962 vol
843 2897 1005 2962 minimum
1038 2895 1079 2962 ad
1111 2898 1301 2962 creationem

74 3025 75 3029 ¹
126 3003 213 3067 utilis
241 3012 321 3082 emt,
352 3012 427 3090 post
452 3003 612 3090 reprdsam
640 3025 697 3090 per
723 3011 823 3068 totmu
852 3026 967 3068 aunum
995 3003 1167 3070 alerenen
1189 3003 1303 3091 potuit,

128 3119 184 3174 am
207 3109 234 3174 si
258 3109 371 3196 potuit,
393 3109 515 3176 decima
538 3119 629 3199 parto
652 3110 802 3198 pecuniae
818 3109 1015 3176 consulatum
1032 3109 1152 3176 ambitu
1167 3108 1303 3198 adeptus

127 3224 221 3281 esset
268 3215 435 3282 Sallustius
462 3217 629 3303 pecuniam
659 3237 722 3282 suc
750 3223 811 3282 ocri
837 3217 1022 3283 amisorum
1044 3217 1110 3303 fide
1132 3221 1304 3303 succeptum

127 3328 282 3388 rriirtuom
311 3323 409 3388 fuisse
437 3322 529 3403 (licit,
562 3322 618 3388 scd
642 3323 713 3410 quis
735 3322 929 3404 hominibus,
952 3324 1068 3410 quibus
1091 3323 1169 3388 nihil
1192 3323 1301 3409 reliqui

126 3438 194 3494 emt
216 3427 350 3514 praeter·
379 3430 536 3495 miseram
566 3431 731 3513 arriruom,
764 3437 882 3495 tantam
906 3432 1071 3518 pecuniam
1096 3427 1304 3496 credidisset?
1352 3463 1359 3472 ·

126 3536 177 3600 Ao
200 3545 377 3622 practerea,
406 3534 567 3623 quomodo
591 3536 657 3601 ficri
680 3535 797 3624 potuit,
826 3544 862 3620 ut
879 3535 997 3628 Cicero
1020 3537 1178 3603 Catilinae
1201 3535 1305 3602 inimi·

126 3643 283 3726 sissimus,
305 3643 427 3708 etiamsi
451 3640 492 3709 de
515 3643 732 3709 oonimationo
754 3645 869 3708 certior
891 3641 994 3710 lactus
1018 3653 1121 3726 esset,
1143 3650 1305 3732 pateretur

125 3771 210 3814 arma
234 3771 254 3814 a
276 3749 445 3814 coniumtis
469 3747 611 3836 undique
634 3751 666 3815 in
688 3750 757 3815 loca
779 3747 892 3815 idonea
918 3751 1118 3838 comportari.
1164 3749 1232 3829 Qui
1260 3749 1304 3828 fit,

126 3864 164 3920 ut
178 3864 290 3942 postea
313 3859 390 3943 (cap.
414 3857 499 3941 so,3)
523 3879 562 3922 er
590 3857 684 3922 urrini
709 3857 803 3943 copie
826 3857 956 3922 circiter
973 3879 1057 3944 pora
1080 3863 1202 3944 quarto
1224 3861 1304 3922 essct

128 3962 332 4026 urilitcribus
360 3963 465 4028 orariis
495 3963 684 4038 instructo?
731 3964 783 4029 An
807 3984 904 4050 parva
927 3987 1020 4029 manu
1045 3963 1179 4030 Rouram
1202 3959 1303 4029 everti

125 4088 221 4155 posse
245 4066 383 4134 Catilina
404 4070 552 4156 putavit?

235 4177 288 4239 25.
333 4172 408 4240 Sine
438 4173 538 4240 dubio
561 4174 729 4242 Sallustius
752 4176 820 4264 ipse
844 4175 959 4258 sensit,
987 4199 1081 4264 (pram
1106 4177 1211 4242 tenuis
1234 4197 1305 4242 ner*

126 4281 206 4345 mtio
237 4279 281 4345 sit
288 4304 297 4360 ;
329 4280 432 4367 agitur
464 4282 549 4347 enim
577 4282 684 4348 multis
712 4282 817 4349 verbis
846 4282 907 4349 hoo
934 4282 1004 4349 loeo
1032 4281 1073 4348 de
1102 4282 1242 4349 moribus
1271 4291 1306 4348 et

126 4385 253 4474 ingenio
283 4385 488 4474 Semproniae
519 4397 695 4472 matronae,
721 4411 801 4479 quiae
832 4397 897 4455 tum
928 4391 1059 4458 minoris
1098 4389 1149 4456 vel
1188 4388 1305 4458 nullius
