3274 5032
259 542 392 612 obstant
412 541 578 611 Ciceronis
598 542 699 610 verba
720 541 756 608 in
785 545 866 608 orat
889 542 926 609 in
958 540 1112 609 Pisonem
1142 541 1163 622 S
1195 539 1232 611 5:
1255 525 1347 629 ⁵,ego
1375 537 1556 612 ⁴Antonium
1605 535 1617 552 “

259 648 427 733 collegam,
449 645 607 734 cupidum
621 643 811 731 provinciae,
834 641 938 711 multa
952 644 988 710 iu
1005 643 1185 732 republica
1207 642 1406 728 molientem,
1429 647 1556 736 patieu-

259 753 306 819 tia
326 755 423 837 atque
444 747 599 836 obsequio
621 765 693 812 meo
715 745 901 830 mitigaui‘*,
929 764 1003 832 quae
1024 747 1123 814 rerba
1144 767 1210 814 nou
1233 747 1345 815 minus
1360 749 1402 816 ad
1417 749 1555 818 Antonii

258 875 332 924 eum
354 850 568 941 popularibus
589 847 852 915 coniunctionem
875 847 1037 933 quemad
1059 868 1141 932 eam,
1172 869 1271 937 quam
1305 870 1381 917 cum
1414 851 1556 920 Catilina

257 959 387 1036 inierat,
408 955 723 1042 spectarepussunt.
768 951 951 1017 Antonium
974 957 1083 1028 auitum
1106 949 1255 1038 pactione
1270 953 1553 1040 prociuciaeiacta

257 1083 315 1150 per
329 1065 432 1126 toturn
447 1076 570 1124 anuum
581 1057 634 1122 aa.
648 1075 713 1121 non
728 1055 825 1121 modo
841 1053 880 1121 de
895 1055 1121 1122 coniunctione
1132 1075 1206 1122 eum
1217 1053 1354 1124 Caesare
1364 1054 1555 1145 Crassaque,

256 1165 314 1233 sed
336 1164 435 1230 etiam
458 1181 532 1228 cum
554 1157 758 1225 Catilinariis
781 1163 970 1244 suspectum
992 1157 1103 1240 tuisse,
1138 1156 1234 1224 huius
1265 1159 1314 1225 rei
1348 1164 1447 1229 testes
1479 1166 1556 1227 sunt
1604 1157 1606 1160 ’

255 1266 318 1334 1οοί
350 1262 557 1331 ciceroniani
580 1281 640 1348 pro
665 1251 769 1326 Sestio
792 1261 813 1338 S
834 1261 865 1326 8.
892 1263 945 1336 ll;
968 1259 1004 1326 iu
1026 1257 1094 1325 Cat.
1118 1257 1173 1342 ΙΙΙ,
1200 1261 1249 1335 14;
1282 1279 1342 1348 pro
1366 1261 1449 1329 hlur.
1471 1263 1492 1342 ξ
1512 1264 1555 1329 49
1597 1265 1602 1272 ’

255 1375 289 1436 et
317 1365 450 1434 Cassius
481 1362 705 1444 Dissuta.
750 1359 813 1428 Sed
856 1366 889 1427 et
925 1361 991 1447 ipsi
1027 1361 1234 1447 popularium
1274 1364 1554 1432 machinationum

255 1473 292 1538 in
314 1471 488 1557 optimates
509 1471 645 1534 euentus
667 1465 864 1532 senteutiam
889 1470 1033 1531 nostram
1057 1465 1270 1532 uerisimilem
1292 1465 1453 1544 redduut;
1477 1486 1553 1534 nam

255 1572 343 1643 hand
366 1573 435 1638 scio
456 1589 500 1636 an
522 1573 607 1636 reete
629 1567 774 1635 Arrtonio
797 1567 1009 1635 tribuendum
1036 1569 1090 1648 sit,
1112 1567 1199 1656 qurod
1213 1569 1364 1656 pactione
1379 1571 1555 1656 prouinciae

255 1680 435 1744 commotus
456 1688 573 1761 parum
595 1671 715 1738 acriter
736 1689 775 1737 ac
798 1671 927 1738 fortiter
957 1668 1105 1765 Ciceroni
1128 1669 1270 1758 impetus
1293 1671 1468 1758 populares
1490 1672 1552 1738 im-

252 1778 414 1867 pugnanti
437 1780 568 1846 restitit.
612 1773 770 1858 Quamris
804 1774 990 1859 negandum
1022 1792 1088 1840 non
1122 1773 1178 1856 sit,
1210 1792 1232 1839 a
1264 1771 1419 1841 Sallustio
1454 1774 1554 1842 uerba

252 1882 295 1948 ad
318 1883 501 1970 pactionem
524 1881 703 1968 prouinciae
726 1879 926 1965 pertinentia
947 1883 1076 1945 tantum
1099 1877 1139 1944 de
1155 1877 1396 1944 necessitudine
1411 1877 1549 1945 Antonii

252 2003 327 2051 cum
347 1982 491 2051 Catilina
519 2003 589 2050 esse
623 1982 723 2062 dicta,
759 1987 870 2048 minen
906 1978 1059 2072 docuisse
1091 1977 1175 2046 mihi
1212 1979 1337 2061 uideor,
1376 1979 1542 2048 Plutarchi

252 2087 482 2166 narrationem,
518 2083 711 2171 praesertim
748 2103 825 2150 cum
866 2080 1058 2150 Plutarchus
1103 2101 1172 2149 rem
1216 2081 1351 2149 uberius
1388 2081 1553 2162 retulerit,

252 2187 407 2255 Sallustio
430 2207 502 2255 esse
524 2185 786 2275 praeferendam.

337 2291 385 2360 De
397 2291 541 2358 comitiis
555 2289 793 2373 consularibus,
808 2310 872 2377 quo
885 2295 1028 2377 tempore
1040 2290 1126 2356 tacta
1137 2289 1215 2370 sint,
1224 2287 1369 2356 Johnius
1383 2288 1431 2376 (p.
1445 2290 1551 2355 149-

110 2379 117 2390 ’
251 2391 309 2478 63)
324 2393 406 2461 beue
428 2393 504 2476 egio
548 2390 612 2459 Sed
635 2393 689 2460 hic
712 2396 844 2478 tautum,
864 2391 959 2458 nohis
981 2389 1155 2457 dicendum
1178 2395 1237 2473 est,
1259 2411 1301 2458 ex
1319 2389 1472 2458 Sallustio
1487 2405 1566 2459 non·
1589 2409 1596 2416 ·

250 2495 386 2578 elucere,
408 2515 472 2582 quo
494 2502 640 2590 tempore
661 2495 796 2562 comitia
817 2492 1003 2560 consularia
1024 2493 1102 2560 uuui
1126 2495 1179 2560 aa.
1202 2493 1271 2560 siut
1294 2491 1415 2562 hahita

337 2595 532 2664 Sallustium
571 2617 598 2663 c.
632 2595 713 2678 aa,
738 2595 859 2662 ducum
895 2594 1163 2662 Catilinarioruur
1201 2596 1429 2664 dimissionem
1466 2603 1551 2664 recte

250 2719 529 2778 commemorasse,
563 2698 691 2779 docent,
725 2703 762 2763 ut
784 2702 875 2785 puto,
907 2695 975 2764 Cic.
1006 2719 1065 2784 pro
1089 2697 1173 2766 ltIur.
1195 2699 1216 2778 S
1237 2699 1281 2765 49
1304 2704 1337 2766 ct
1359 2697 1551 2769 Plutarchus

250 2803 287 2870 iu
310 2801 378 2870 vlt.
400 2801 468 2870 Cic.
491 2822 519 2868 c.
544 2802 607 2884 lt,
629 2801 686 2885 qui
710 2805 856 2880 narrant,
879 2797 1028 2868 Sullanos
1052 2806 1221 2868 ueteranos
1250 2799 1386 2868 Romam
1408 2801 1549 2880 venisse,

250 2925 316 2993 quo
336 2903 488 2972 Catilinae
521 2904 711 2990 petitionem
746 2901 934 2968 consulatus
967 2901 1170 2970 adiuuarent.
1215 2901 1312 2972 Recte
1335 2903 1439 2988 igitur
1461 2901 1548 2972 Dulbi

250 3007 347 3093 (diss.
368 3026 402 3093 p.
425 3006 483 3089 28)
498 3006 691 3093 scriptorem
707 3004 883 3090 vituperat,
905 3003 993 3090 quod
1022 3023 1182 3090 nusquam
1199 3005 1235 3071 iu
1251 3005 1414 3093 capitibus
1431 3007 1549 3092 priori-

238 3108 312 3176 ·buh
333 3106 493 3191 retulerit,
516 3107 668 3174 Sullanos
692 3104 828 3172 Romaiu
862 3105 987 3171 uenisse
1009 3107 1137 3191 (confer
1159 3127 1186 3174 c.
1209 3101 1317 3190 24„.).
1374 3105 1436 3186 Qui
1459 3128 1549 3175 error

249 3207 398 3277 Sallustii
422 3208 561 3293 levitati,
582 3229 648 3296 qua
676 3209 713 3276 in
734 3208 881 3276 tontibus
903 3208 973 3274 suis
996 3227 1074 3275 usus
1089 3214 1149 3291 est,
1170 3208 1385 3278 videturesse
1399 3210 1544 3278 tribuen-

249 3311 323 3380 dus.
379 3309 512 3395 (Confer
544 3311 646 3378 adid
676 3308 866 3377 relationem
889 3310 930 3379 da
953 3308 1011 3378 Cn.
1035 3309 1152 3378 Pisone
1173 3318 1208 3378 et
1228 3311 1263 3379 P.
1286 3309 1384 3379 Sittio
1405 3333 1433 3380 e.
1456 3314 1549 3404 Pl„;

249 3434 278 3482 e.
297 3411 364 3499 19.)
408 3414 516 3501 Atque
538 3413 627 3480 idem
650 3418 749 3500 caput
770 3413 814 3498 (c.
836 3413 893 3496 21)
916 3432 1030 3480 rursus
1052 3411 1245 3480 documento
1267 3419 1327 3497 est,
1350 3415 1541 3504 scriptorem

248 3535 367 3604 parum
390 3514 565 3600 diligenter
586 3516 694 3582 tontes
716 3535 793 3582 suos
808 3514 1019 3602 excerpsisse,
1042 3533 1119 3580 nam
1135 3534 1208 3582 cum
1224 3520 1345 3600 narrat,
1366 3536 1431 3604 quo
1447 3517 1543 3586 modo

249 3617 394 3687 Catilina
414 3623 492 3706 post
524 3617 660 3684 comitia
692 3615 880 3684 consularia
913 3615 1026 3683 hahita
1056 3617 1170 3701 egerit,
1203 3623 1314 3685 tamen
1348 3618 1430 3686 nihil
1465 3620 1549 3689 dicit

249 3719 290 3788 de
312 3720 409 3788 caede
430 3725 507 3788 ante
529 3719 618 3786 diem
642 3717 715 3787 llll.
739 3717 812 3786 Kal.
834 3716 916 3786 Nor.
939 3724 973 3786 et
994 3718 1180 3786 antediem
1207 3717 1248 3786 V.
1264 3718 1337 3788 Kal.
1353 3719 1435 3788 Nor.
1451 3740 1544 3809 prae·

247 3828 363 3910 parata
398 3823 508 3908 (euius
530 3822 579 3889 rei
601 3819 669 3888 Cic.
693 3822 729 3888 iu
750 3821 847 3890 Catil.
871 3821 895 3905 l,
917 3820 939 3901 i
961 3822 979 3888 ‘l
1003 3827 1036 3890 et
1058 3819 1251 3890 Plutarchus
1273 3822 1310 3889 iu
1334 3821 1401 3890 vit.
1424 3821 1494 3892 Cic.
1516 3845 1544 3892 c.

251 3925 565 4002 lamentacione
601 3924 714 3992 canter
735 3923 836 3992 dohu.
859 3943 891 4012 p.
914 3924 989 3992 tas.
1025 3923 1097 3990 192.
1133 3925 1222 4008 794.)
1279 3923 1370 3993 ldem
1404 3927 1546 4014 scriptor

248 4047 315 4094 non
337 4031 578 4109 commemorat,
615 4046 680 4114 quo
702 4026 801 4094 modo
823 4028 945 4094 tactum
980 4026 1034 4109 sit,
1057 4031 1094 4092 ut
1115 4023 1258 4094 Catilina
1279 4045 1314 4094 se
1336 4028 1372 4095 in
1405 4027 1546 4096 liberam

247 4128 431 4196 custodiam
453 4127 556 4196 daret.
600 4126 693 4207 Quod
715 4128 760 4195 ad
784 4133 912 4215 temqus
934 4127 1065 4194 concilii
1087 4128 1123 4194 iu
1155 4128 1253 4195 domo
1290 4127 1402 4197 Laecae
1439 4129 1545 4201 hahiti

248 4231 377 4312 attinet,
399 4229 483 4296 mihi
506 4229 643 4298 duhium
666 4252 731 4299 nou
754 4237 813 4314 cst,
848 4231 927 4319 quin
949 4229 981 4296 S.
1005 4230 1175 4314 ignorarit,
1210 4251 1274 4319 quo
1296 4238 1441 4320 tempore
1463 4234 1546 4302 illud

247 4335 372 4401 lactum
394 4332 439 4398 sit
460 4329 586 4418 (confer
606 4332 705 4400 dohn.
729 4353 762 4422 p.
787 4335 860 4401 illd.
884 4331 973 4416 181).
1017 4330 1242 4420 'transpositio
1264 4341 1373 4401 autern
1408 4333 1544 4405 Linlreri

247 4434 414 4502 reicienda
435 4439 495 4518 est,
517 4439 556 4500 ut
576 4431 664 4501 Daoi
687 4434 784 4519 (diss.
806 4455 840 4523 p.
863 4436 917 4502 29.
939 4433 1008 4519 90.)
1024 4433 1157 4502 videtur
1172 4442 1257 4504 recta
1273 4436 1431 4505 docuisse
1473 4437 1545 4507 Non

247 4537 406 4626 putarim,
428 4534 621 4603 Sallustium
643 4534 811 4605 Ciceronis
833 4537 956 4624 scripta
982 4535 1025 4603 ad
1054 4542 1249 4604 conventum
1266 4538 1302 4604 in
1317 4539 1414 4606 domo
1432 4537 1545 4609 heca
1619 4571 1620 4594 l
