<?xml version="1.0" encoding="UTF-8"?>
<!DOCTYPE html PUBLIC "-//W3C//DTD XHTML 1.0 Transitional//EN"
    "http://www.w3.org/TR/xhtml1/DTD/xhtml1-transitional.dtd">
<html xmlns="http://www.w3.org/1999/xhtml" xml:lang="en" lang="en">
 <head>
  <title>
</title>
<meta http-equiv="Content-Type" content="text/html;charset=utf-8" />
  <meta name='ocr-system' content='tesseract 3.04.00' />
  <meta name='ocr-capabilities' content='ocr_page ocr_carea ocr_par ocr_line ocrx_word'/>
</head>
<body>
  <div class='ocr_page' id='page_1' title='image "./deconiurationec00bessgoog/deconiurationec00bessgoog_0226.png"; bbox 0 0 3308 5120; ppageno 0'>
   <div class='ocr_carea' id='block_1_1' title="bbox 0 2408 5 3091">
    <p class='ocr_par' dir='ltr' id='par_1_1' title="bbox 0 2408 5 3091">
     <span class='ocr_line' id='line_1_1' title="bbox 0 2408 5 3091; baseline 0 0"><span class='ocrx_word' id='word_1_1' title='bbox 0 2408 5 3091; x_wconf 95' lang='lat' dir='ltr'> </span> 
     </span>
    </p>
   </div>
   <div class='ocr_carea' id='block_1_2' title="bbox 382 856 1621 4581">
    <p class='ocr_par' dir='ltr' id='par_1_2' title="bbox 382 856 1621 2866">
     <span class='ocr_line' id='line_1_2' title="bbox 385 856 1549 944; baseline -0.001 -20"><span class='ocrx_word' id='word_1_2' title='bbox 385 858 512 924; x_wconf 85' lang='lat' dir='ltr'>vissime</span> <span class='ocrx_word' id='word_1_3' title='bbox 539 856 579 924; x_wconf 92' lang='lat' dir='ltr'>de</span> <span class='ocrx_word' id='word_1_4' title='bbox 611 858 712 938; x_wconf 84' lang='lat' dir='ltr'>robus,</span> <span class='ocrx_word' id='word_1_5' title='bbox 742 880 822 944; x_wconf 88' lang='lat' dir='ltr'>‹prue</span> <span class='ocrx_word' id='word_1_6' title='bbox 854 857 956 922; x_wconf 86' lang='lat' dir='ltr'>Nouis</span> <span class='ocrx_word' id='word_1_7' title='bbox 989 857 1220 924; x_wconf 74' lang='lat' dir='ltr'>Decembribus</span> <span class='ocrx_word' id='word_1_8' title='bbox 1256 860 1286 923; x_wconf 91' lang='lat' dir='ltr'>iu</span> <span class='ocrx_word' id='word_1_9' title='bbox 1319 867 1429 923; x_wconf 87' lang='lat' dir='ltr'>senatu</span> <span class='ocrx_word' id='word_1_10' title='bbox 1461 867 1549 923; x_wconf 87' lang='lat' dir='ltr'>actae</span> 
     </span>
     <span class='ocr_line' id='line_1_3' title="bbox 384 963 1549 1052; baseline -0.001 -22"><span class='ocrx_word' id='word_1_11' title='bbox 384 973 473 1046; x_wconf 89' lang='lat' dir='ltr'>sunt,</span> <span class='ocrx_word' id='word_1_12' title='bbox 501 963 666 1031; x_wconf 73' lang='lat' dir='ltr'>Sallustius</span> <span class='ocrx_word' id='word_1_13' title='bbox 695 963 787 1045; x_wconf 83' lang='lat' dir='ltr'>dicit,</span> <span class='ocrx_word' id='word_1_14' title='bbox 821 963 878 1030; x_wconf 89' lang='lat' dir='ltr'>sed</span> <span class='ocrx_word' id='word_1_15' title='bbox 908 963 986 1029; x_wconf 87' lang='lat' dir='ltr'>lraee</span> <span class='ocrx_word' id='word_1_16' title='bbox 1019 965 1130 1032; x_wconf 72' lang='lat' dir='ltr'>breuia</span> <span class='ocrx_word' id='word_1_17' title='bbox 1160 963 1255 1030; x_wconf 69' lang='lat' dir='ltr'>veria</span> <span class='ocrx_word' id='word_1_18' title='bbox 1286 963 1327 1030; x_wconf 90' lang='lat' dir='ltr'>de</span> <span class='ocrx_word' id='word_1_19' title='bbox 1355 963 1549 1052; x_wconf 86' lang='lat' dir='ltr'>gravissimis</span> 
     </span>
     <span class='ocr_line' id='line_1_4' title="bbox 384 1070 1551 1159; baseline 0 -23"><span class='ocrx_word' id='word_1_20' title='bbox 384 1070 476 1137; x_wconf 81' lang='lat' dir='ltr'>saetis</span> <span class='ocrx_word' id='word_1_21' title='bbox 499 1072 576 1136; x_wconf 88' lang='lat' dir='ltr'>sutis</span> <span class='ocrx_word' id='word_1_22' title='bbox 599 1071 741 1152; x_wconf 75' lang='lat' dir='ltr'>edocent,</span> <span class='ocrx_word' id='word_1_23' title='bbox 767 1070 890 1136; x_wconf 90' lang='lat' dir='ltr'>etiamsi</span> <span class='ocrx_word' id='word_1_24' title='bbox 915 1071 1082 1159; x_wconf 87' lang='lat' dir='ltr'>Appianas</span> <span class='ocrx_word' id='word_1_25' title='bbox 1110 1072 1266 1137; x_wconf 80' lang='lat' dir='ltr'>breuitate</span> <span class='ocrx_word' id='word_1_26' title='bbox 1290 1072 1320 1136; x_wconf 89' lang='lat' dir='ltr'>iu</span> <span class='ocrx_word' id='word_1_27' title='bbox 1344 1092 1479 1136; x_wconf 64' lang='lat' dir='ltr'>enarrem</span> <span class='ocrx_word' id='word_1_28' title='bbox 1503 1070 1551 1136; x_wconf 91' lang='lat' dir='ltr'>in·</span> 
     </span>
     <span class='ocr_line' id='line_1_5' title="bbox 385 1175 1551 1265; baseline 0 -23"><span class='ocrx_word' id='word_1_29' title='bbox 385 1175 499 1243; x_wconf 84' lang='lat' dir='ltr'>duetus</span> <span class='ocrx_word' id='word_1_30' title='bbox 528 1177 578 1242; x_wconf 78' lang='lat' dir='ltr'>sit.</span> <span class='ocrx_word' id='word_1_31' title='bbox 623 1177 686 1242; x_wconf 85' lang='lat' dir='ltr'>Hie</span> <span class='ocrx_word' id='word_1_32' title='bbox 715 1177 797 1242; x_wconf 91' lang='lat' dir='ltr'>enim</span> <span class='ocrx_word' id='word_1_33' title='bbox 830 1185 930 1265; x_wconf 88' lang='lat' dir='ltr'>putat,</span> <span class='ocrx_word' id='word_1_34' title='bbox 961 1177 1101 1242; x_wconf 91' lang='lat' dir='ltr'>onmium</span> <span class='ocrx_word' id='word_1_35' title='bbox 1133 1187 1311 1243; x_wconf 86' lang='lat' dir='ltr'>senatorum</span> <span class='ocrx_word' id='word_1_36' title='bbox 1345 1177 1479 1264; x_wconf 89' lang='lat' dir='ltr'>primum</span> <span class='ocrx_word' id='word_1_37' title='bbox 1501 1177 1551 1244; x_wconf 86' lang='lat' dir='ltr'>Ti.</span> 
     </span>
     <span class='ocr_line' id='line_1_6' title="bbox 385 1281 1551 1371; baseline 0.001 -22"><span class='ocrx_word' id='word_1_38' title='bbox 385 1283 542 1350; x_wconf 79' lang='lat' dir='ltr'><strong>Neronem</strong></span> <span class='ocrx_word' id='word_1_39' title='bbox 566 1281 663 1349; x_wconf 86' lang='lat' dir='ltr'>Silani</span> <span class='ocrx_word' id='word_1_40' title='bbox 687 1284 873 1348; x_wconf 89' lang='lat' dir='ltr'>sententiam</span> <span class='ocrx_word' id='word_1_41' title='bbox 898 1283 1148 1371; x_wconf 74' lang='lat' dir='ltr'>impugnarisse5</span> <span class='ocrx_word' id='word_1_42' title='bbox 1171 1283 1255 1371; x_wconf 80' lang='lat' dir='ltr'>qumi</span> <span class='ocrx_word' id='word_1_43' title='bbox 1271 1305 1457 1370; x_wconf 87' lang='lat' dir='ltr'>quaruquam</span> <span class='ocrx_word' id='word_1_44' title='bbox 1478 1292 1551 1350; x_wconf 81' lang='lat' dir='ltr'>ante</span> 
     </span>
     <span class='ocr_line' id='line_1_7' title="bbox 386 1389 1550 1477; baseline 0.001 -23"><span class='ocrx_word' id='word_1_45' title='bbox 386 1390 558 1456; x_wconf 87' lang='lat' dir='ltr'>orationem</span> <span class='ocrx_word' id='word_1_46' title='bbox 580 1389 725 1456; x_wconf 77' lang='lat' dir='ltr'>Caesaris</span> <span class='ocrx_word' id='word_1_47' title='bbox 749 1399 906 1454; x_wconf 84' lang='lat' dir='ltr'>narratum</span> <span class='ocrx_word' id='word_1_48' title='bbox 922 1399 981 1470; x_wconf 79' lang='lat' dir='ltr'>est,</span> <span class='ocrx_word' id='word_1_49' title='bbox 1003 1399 1109 1455; x_wconf 85' lang='lat' dir='ltr'>tamen</span> <span class='ocrx_word' id='word_1_50' title='bbox 1132 1389 1301 1456; x_wconf 77' lang='lat' dir='ltr'>Sallustius</span> <span class='ocrx_word' id='word_1_51' title='bbox 1323 1390 1458 1477; x_wconf 79' lang='lat' dir='ltr'>scripsit,</span> <span class='ocrx_word' id='word_1_52' title='bbox 1480 1409 1550 1455; x_wconf 89' lang='lat' dir='ltr'>eum</span> 
     </span>
     <span class='ocr_line' id='line_1_8' title="bbox 382 1495 1621 1584; baseline 0 -23"><span class='ocrx_word' id='word_1_53' title='bbox 382 1503 566 1584; x_wconf 84' lang='lat' dir='ltr'>permotum</span> <span class='ocrx_word' id='word_1_54' title='bbox 583 1496 727 1562; x_wconf 80' lang='lat' dir='ltr'>oratioue</span> <span class='ocrx_word' id='word_1_55' title='bbox 743 1497 891 1562; x_wconf 76' lang='lat' dir='ltr'>Caesaris</span> <span class='ocrx_word' id='word_1_56' title='bbox 903 1495 1095 1582; x_wconf 76' lang='lat' dir='ltr'>pedidrrs&#39;r&#39;u</span> <span class='ocrx_word' id='word_1_57' title='bbox 1111 1498 1306 1562; x_wconf 84' lang='lat' dir='ltr'>seutentiam</span> <span class='ocrx_word' id='word_1_58' title='bbox 1329 1495 1395 1574; x_wconf 71' lang='lat' dir='ltr'>Tio.</span> <span class='ocrx_word' id='word_1_59' title='bbox 1411 1495 1552 1562; x_wconf 80' lang='lat' dir='ltr'>Neronis</span> <span class='ocrx_word' id='word_1_60' title='bbox 1617 1497 1621 1506; x_wconf 88' lang='lat'>&#39;</span> 
     </span>
     <span class='ocr_line' id='line_1_9' title="bbox 385 1601 1553 1690; baseline 0.001 -23"><span class='ocrx_word' id='word_1_61' title='bbox 385 1603 492 1668; x_wconf 84' lang='lat' dir='ltr'>ivisse.</span> <span class='ocrx_word' id='word_1_62' title='bbox 521 1601 632 1669; x_wconf 85' lang='lat' dir='ltr'>¹Certo</span> <span class='ocrx_word' id='word_1_63' title='bbox 661 1625 706 1684; x_wconf 91' lang='lat' dir='ltr'>ca,</span> <span class='ocrx_word' id='word_1_64' title='bbox 735 1626 816 1690; x_wconf 85' lang='lat' dir='ltr'>quae</span> <span class='ocrx_word' id='word_1_65' title='bbox 839 1601 955 1668; x_wconf 83' lang='lat' dir='ltr'>Gnreei</span> <span class='ocrx_word' id='word_1_66' title='bbox 985 1603 1154 1690; x_wconf 83' lang='lat' dir='ltr'>scriptores</span> <span class='ocrx_word' id='word_1_67' title='bbox 1185 1602 1226 1669; x_wconf 88' lang='lat' dir='ltr'>de</span> <span class='ocrx_word' id='word_1_68' title='bbox 1255 1602 1313 1668; x_wconf 82' lang='lat' dir='ltr'>luae</span> <span class='ocrx_word' id='word_1_69' title='bbox 1340 1605 1481 1668; x_wconf 79' lang='lat' dir='ltr'>sessione</span> <span class='ocrx_word' id='word_1_70' title='bbox 1503 1625 1553 1668; x_wconf 91' lang='lat' dir='ltr'>re·</span> 
     </span>
     <span class='ocr_line' id='line_1_10' title="bbox 387 1706 1552 1797; baseline 0.002 -23"><span class='ocrx_word' id='word_1_71' title='bbox 387 1709 501 1790; x_wconf 86' lang='lat' dir='ltr'>ferunt,</span> <span class='ocrx_word' id='word_1_72' title='bbox 523 1707 671 1776; x_wconf 80' lang='lat' dir='ltr'>Sallustio</span> <span class='ocrx_word' id='word_1_73' title='bbox 700 1717 775 1774; x_wconf 89' lang='lat' dir='ltr'>nota</span> <span class='ocrx_word' id='word_1_74' title='bbox 797 1719 901 1789; x_wconf 85' lang='lat' dir='ltr'>eraut;</span> <span class='ocrx_word' id='word_1_75' title='bbox 930 1706 1074 1774; x_wconf 83' lang='lat' dir='ltr'>ridemus</span> <span class='ocrx_word' id='word_1_76' title='bbox 1104 1707 1188 1796; x_wconf 87' lang='lat' dir='ltr'>apud</span> <span class='ocrx_word' id='word_1_77' title='bbox 1219 1733 1290 1775; x_wconf 90' lang='lat' dir='ltr'>euru</span> <span class='ocrx_word' id='word_1_78' title='bbox 1321 1732 1445 1797; x_wconf 84' lang='lat' dir='ltr'>quoque</span> <span class='ocrx_word' id='word_1_79' title='bbox 1475 1707 1552 1776; x_wconf 90' lang='lat' dir='ltr'>illud</span> 
     </span>
     <span class='ocr_line' id='line_1_11' title="bbox 386 1813 1554 1904; baseline 0.001 -24"><span class='ocrx_word' id='word_1_80' title='bbox 386 1837 556 1881; x_wconf 77' lang='lat' dir='ltr'>saruuuuur</span> <span class='ocrx_word' id='word_1_81' title='bbox 577 1816 780 1903; x_wconf 80' lang='lat' dir='ltr'>mepplier&#39;um</span> <span class='ocrx_word' id='word_1_82' title='bbox 803 1839 822 1880; x_wconf 86' lang='lat' dir='ltr'>a</span> <span class='ocrx_word' id='word_1_83' title='bbox 844 1813 953 1881; x_wconf 86' lang='lat' dir='ltr'>Silano</span> <span class='ocrx_word' id='word_1_84' title='bbox 981 1817 1189 1903; x_wconf 89' lang='lat' dir='ltr'>propositum,</span> <span class='ocrx_word' id='word_1_85' title='bbox 1215 1815 1300 1902; x_wconf 86' lang='lat' dir='ltr'>quod</span> <span class='ocrx_word' id='word_1_86' title='bbox 1331 1824 1441 1904; x_wconf 88' lang='lat' dir='ltr'>postea</span> <span class='ocrx_word' id='word_1_87' title='bbox 1463 1816 1554 1882; x_wconf 87' lang='lat' dir='ltr'>aliter</span> 
     </span>
     <span class='ocr_line' id='line_1_12' title="bbox 389 1922 1553 2010; baseline 0 -22"><span class='ocrx_word' id='word_1_88' title='bbox 389 1924 609 2010; x_wconf 86' lang='lat' dir='ltr'>interpretatus</span> <span class='ocrx_word' id='word_1_89' title='bbox 638 1933 700 2004; x_wconf 60' lang='lat' dir='ltr'>este</span> <span class='ocrx_word' id='word_1_90' title='bbox 730 1922 876 1989; x_wconf 76' lang='lat' dir='ltr'>Caesaris</span> <span class='ocrx_word' id='word_1_91' title='bbox 905 1923 1007 1986; x_wconf 88' lang='lat' dir='ltr'>oratio</span> <span class='ocrx_word' id='word_1_92' title='bbox 1037 1923 1106 2010; x_wconf 92' lang='lat' dir='ltr'>ipsa</span> <span class='ocrx_word' id='word_1_93' title='bbox 1136 1923 1254 2010; x_wconf 87' lang='lat' dir='ltr'>scriptu</span> <span class='ocrx_word' id='word_1_94' title='bbox 1283 1933 1348 2004; x_wconf 89' lang='lat' dir='ltr'>est,</span> <span class='ocrx_word' id='word_1_95' title='bbox 1379 1923 1553 1989; x_wconf 87' lang='lat' dir='ltr'>sententiae</span> 
     </span>
     <span class='ocr_line' id='line_1_13' title="bbox 388 2027 1553 2116; baseline -0.001 -20"><span class='ocrx_word' id='word_1_96' title='bbox 388 2029 525 2096; x_wconf 88' lang='lat' dir='ltr'>Neronis</span> <span class='ocrx_word' id='word_1_97' title='bbox 556 2031 673 2096; x_wconf 89' lang='lat' dir='ltr'>mentio</span> <span class='ocrx_word' id='word_1_98' title='bbox 705 2030 748 2110; x_wconf 81' lang='lat' dir='ltr'>ut,</span> <span class='ocrx_word' id='word_1_99' title='bbox 782 2029 914 2095; x_wconf 91' lang='lat' dir='ltr'>Catonis</span> <span class='ocrx_word' id='word_1_100' title='bbox 947 2030 1049 2094; x_wconf 88' lang='lat' dir='ltr'>oratio</span> <span class='ocrx_word' id='word_1_101' title='bbox 1082 2029 1151 2116; x_wconf 91' lang='lat' dir='ltr'>ipsu</span> <span class='ocrx_word' id='word_1_102' title='bbox 1182 2029 1297 2095; x_wconf 86' lang='lat' dir='ltr'>tradita</span> <span class='ocrx_word' id='word_1_103' title='bbox 1328 2051 1398 2096; x_wconf 89' lang='lat' dir='ltr'>esse</span> <span class='ocrx_word' id='word_1_104' title='bbox 1429 2027 1553 2095; x_wconf 86' lang='lat' dir='ltr'>dieitur.</span> 
     </span>
     <span class='ocr_line' id='line_1_14' title="bbox 389 2135 1554 2221; baseline -0.001 -19"><span class='ocrx_word' id='word_1_105' title='bbox 389 2135 576 2202; x_wconf 78' lang='lat' dir='ltr'>Plutarchus</span> <span class='ocrx_word' id='word_1_106' title='bbox 591 2137 710 2202; x_wconf 86' lang='lat' dir='ltr'>seilicet</span> <span class='ocrx_word' id='word_1_107' title='bbox 724 2135 802 2220; x_wconf 82' lang='lat' dir='ltr'>(Cic.</span> <span class='ocrx_word' id='word_1_108' title='bbox 818 2140 872 2221; x_wconf 82' lang='lat'>29)</span> <span class='ocrx_word' id='word_1_109' title='bbox 887 2145 1048 2217; x_wconf 88' lang='lat' dir='ltr'>memorat,</span> <span class='ocrx_word' id='word_1_110' title='bbox 1062 2145 1205 2201; x_wconf 90' lang='lat' dir='ltr'>senatum</span> <span class='ocrx_word' id='word_1_111' title='bbox 1223 2136 1376 2202; x_wconf 81' lang='lat' dir='ltr'>referente</span> <span class='ocrx_word' id='word_1_112' title='bbox 1392 2135 1554 2217; x_wconf 78' lang='lat' dir='ltr'>Clearetae,</span> 
     </span>
     <span class='ocr_line' id='line_1_15' title="bbox 389 2242 1555 2331; baseline 0 -23"><span class='ocrx_word' id='word_1_113' title='bbox 389 2251 554 2331; x_wconf 86' lang='lat' dir='ltr'>postqrmm</span> <span class='ocrx_word' id='word_1_114' title='bbox 577 2243 706 2309; x_wconf 89' lang='lat' dir='ltr'>Catonis</span> <span class='ocrx_word' id='word_1_115' title='bbox 729 2245 883 2309; x_wconf 88' lang='lat' dir='ltr'>sententia</span> <span class='ocrx_word' id='word_1_116' title='bbox 909 2244 1030 2324; x_wconf 82' lang='lat' dir='ltr'>vicerit,</span> <span class='ocrx_word' id='word_1_117' title='bbox 1052 2242 1199 2309; x_wconf 85' lang='lat' dir='ltr'>Caesaris</span> <span class='ocrx_word' id='word_1_118' title='bbox 1220 2263 1343 2330; x_wconf 75' lang='lat' dir='ltr'>apteque</span> <span class='ocrx_word' id='word_1_119' title='bbox 1366 2244 1555 2309; x_wconf 86' lang='lat' dir='ltr'>seutentiam</span> 
     </span>
     <span class='ocr_line' id='line_1_16' title="bbox 389 2348 1553 2440; baseline 0.001 -25"><span class='ocrx_word' id='word_1_120' title='bbox 389 2349 429 2416; x_wconf 90' lang='lat' dir='ltr'>de</span> <span class='ocrx_word' id='word_1_121' title='bbox 461 2348 655 2437; x_wconf 80' lang='lat' dir='ltr'>publicandis</span> <span class='ocrx_word' id='word_1_122' title='bbox 686 2351 916 2416; x_wconf 83' lang='lat' dir='ltr'>eonimatorunr</span> <span class='ocrx_word' id='word_1_123' title='bbox 947 2351 1089 2440; x_wconf 72' lang='lat' dir='ltr'>pecuniis</span> <span class='ocrx_word' id='word_1_124' title='bbox 1120 2348 1316 2415; x_wconf 86' lang='lat' dir='ltr'>decreturum</span> <span class='ocrx_word' id='word_1_125' title='bbox 1349 2348 1461 2430; x_wconf 82' lang='lat' dir='ltr'>luisse,</span> <span class='ocrx_word' id='word_1_126' title='bbox 1493 2350 1553 2417; x_wconf 86' lang='lat' dir='ltr'>nisi</span> 
     </span>
     <span class='ocr_line' id='line_1_17' title="bbox 390 2451 1555 2545; baseline -0.001 -22"><span class='ocrx_word' id='word_1_127' title='bbox 390 2456 508 2523; x_wconf 88' lang='lat' dir='ltr'>Cacsar</span> <span class='ocrx_word' id='word_1_128' title='bbox 535 2457 603 2544; x_wconf 90' lang='lat' dir='ltr'>ipse</span> <span class='ocrx_word' id='word_1_129' title='bbox 632 2457 780 2530; x_wconf 85' lang='lat' dir='ltr'>acerrime</span> <span class='ocrx_word' id='word_1_130' title='bbox 803 2457 986 2536; x_wconf 56' lang='lat' dir='ltr'>restitissem</span> <span class='ocrx_word' id='word_1_131' title='bbox 1020 2481 1084 2545; x_wconf 83' lang='lat' dir='ltr'>quo</span> <span class='ocrx_word' id='word_1_132' title='bbox 1113 2451 1233 2524; x_wconf 81' lang='lat' dir='ltr'>laetum</span> <span class='ocrx_word' id='word_1_133' title='bbox 1263 2477 1342 2538; x_wconf 85' lang='lat' dir='ltr'>esse,</span> <span class='ocrx_word' id='word_1_134' title='bbox 1374 2467 1410 2522; x_wconf 81' lang='lat' dir='ltr'>ut·</span> <span class='ocrx_word' id='word_1_135' title='bbox 1431 2455 1555 2522; x_wconf 89' lang='lat' dir='ltr'>adules-</span> 
     </span>
     <span class='ocr_line' id='line_1_18' title="bbox 390 2561 1556 2652; baseline 0 -22"><span class='ocrx_word' id='word_1_136' title='bbox 390 2573 498 2630; x_wconf 79' lang='lat' dir='ltr'>centes</span> <span class='ocrx_word' id='word_1_137' title='bbox 519 2562 638 2629; x_wconf 85' lang='lat' dir='ltr'>ordinis</span> <span class='ocrx_word' id='word_1_138' title='bbox 661 2566 815 2652; x_wconf 87' lang='lat' dir='ltr'>equestris</span> <span class='ocrx_word' id='word_1_139' title='bbox 831 2563 959 2630; x_wconf 85' lang='lat' dir='ltr'>Caesari</span> <span class='ocrx_word' id='word_1_140' title='bbox 976 2586 1015 2630; x_wconf 84' lang='lat' dir='ltr'>ex</span> <span class='ocrx_word' id='word_1_141' title='bbox 1038 2567 1124 2630; x_wconf 89' lang='lat' dir='ltr'>curia</span> <span class='ocrx_word' id='word_1_142' title='bbox 1148 2563 1320 2652; x_wconf 77' lang='lat' dir='ltr'>egredienti</span> <span class='ocrx_word' id='word_1_143' title='bbox 1342 2561 1448 2650; x_wconf 86' lang='lat' dir='ltr'>gladio</span> <span class='ocrx_word' id='word_1_144' title='bbox 1463 2563 1556 2630; x_wconf 87' lang='lat' dir='ltr'>mini·</span> 
     </span>
     <span class='ocr_line' id='line_1_19' title="bbox 391 2669 1556 2758; baseline -0.002 -22"><span class='ocrx_word' id='word_1_145' title='bbox 391 2679 533 2736; x_wconf 85' lang='lat' dir='ltr'>tarentur</span> <span class='ocrx_word' id='word_1_146' title='bbox 555 2670 623 2756; x_wconf 73' lang='lat' dir='ltr'>(etr.</span> <span class='ocrx_word' id='word_1_147' title='bbox 646 2671 787 2738; x_wconf 88' lang='lat' dir='ltr'>Suetonii</span> <span class='ocrx_word' id='word_1_148' title='bbox 812 2671 869 2738; x_wconf 81' lang='lat' dir='ltr'>cit.</span> <span class='ocrx_word' id='word_1_149' title='bbox 892 2671 1037 2738; x_wconf 83' lang='lat' dir='ltr'>Caesaris</span> <span class='ocrx_word' id='word_1_150' title='bbox 1063 2676 1124 2756; x_wconf 84' lang='grc'><strong>14).</strong></span> <span class='ocrx_word' id='word_1_151' title='bbox 1170 2671 1244 2737; x_wconf 91' lang='lat' dir='ltr'>Hue</span> <span class='ocrx_word' id='word_1_152' title='bbox 1268 2671 1362 2758; x_wconf 83' lang='lat' dir='ltr'>igitur</span> <span class='ocrx_word' id='word_1_153' title='bbox 1389 2669 1556 2758; x_wconf 76' lang='lat' dir='ltr'>pertinent,</span> 
     </span>
     <span class='ocr_line' id='line_1_20' title="bbox 391 2777 1209 2866; baseline 0 -23"><span class='ocrx_word' id='word_1_154' title='bbox 391 2801 471 2864; x_wconf 71' lang='lat' dir='ltr'>«puae</span> <span class='ocrx_word' id='word_1_155' title='bbox 493 2777 660 2844; x_wconf 85' lang='lat' dir='ltr'>Sallustius</span> <span class='ocrx_word' id='word_1_156' title='bbox 683 2780 714 2843; x_wconf 93' lang='lat' dir='ltr'>in</span> <span class='ocrx_word' id='word_1_157' title='bbox 738 2779 798 2844; x_wconf 88' lang='lat' dir='ltr'>tine</span> <span class='ocrx_word' id='word_1_158' title='bbox 817 2779 931 2866; x_wconf 88' lang='lat' dir='ltr'>eapitis</span> <span class='ocrx_word' id='word_1_159' title='bbox 954 2783 997 2844; x_wconf 79' lang='lat' dir='ltr'>tu</span> <span class='ocrx_word' id='word_1_160' title='bbox 1021 2787 1209 2843; x_wconf 86' lang='lat' dir='ltr'>narraverat.</span> 
     </span>
    </p>

    <p class='ocr_par' dir='ltr' id='par_1_3' title="bbox 391 2883 1567 4581">
     <span class='ocr_line' id='line_1_21' title="bbox 499 2883 1557 2972; baseline -0.002 -22"><span class='ocrx_word' id='word_1_161' title='bbox 499 2889 549 2950; x_wconf 85' lang='lat'>51.</span> <span class='ocrx_word' id='word_1_162' title='bbox 566 2889 617 2951; x_wconf 81' lang='lat'>52.</span> <span class='ocrx_word' id='word_1_163' title='bbox 663 2884 833 2951; x_wconf 87' lang='lat' dir='ltr'>Orationes</span> <span class='ocrx_word' id='word_1_164' title='bbox 857 2885 944 2972; x_wconf 88' lang='lat' dir='ltr'>ipsae</span> <span class='ocrx_word' id='word_1_165' title='bbox 967 2907 986 2950; x_wconf 92' lang='lat' dir='ltr'>a</span> <span class='ocrx_word' id='word_1_166' title='bbox 1009 2883 1160 2951; x_wconf 82' lang='lat' dir='ltr'>Sallustio</span> <span class='ocrx_word' id='word_1_167' title='bbox 1184 2883 1423 2971; x_wconf 80' lang='lat' dir='ltr'>diligentissime</span> <span class='ocrx_word' id='word_1_168' title='bbox 1450 2883 1557 2950; x_wconf 88' lang='lat' dir='ltr'>eluen-</span> 
     </span>
     <span class='ocr_line' id='line_1_22' title="bbox 391 2989 1558 3076; baseline -0.002 -18"><span class='ocrx_word' id='word_1_169' title='bbox 391 2991 498 3058; x_wconf 86' lang='lat' dir='ltr'>luutae</span> <span class='ocrx_word' id='word_1_170' title='bbox 521 3002 603 3057; x_wconf 78' lang='lat' dir='ltr'>sunt.</span> <span class='ocrx_word' id='word_1_171' title='bbox 645 2990 809 3058; x_wconf 88' lang='lat' dir='ltr'>Drunmun</span> <span class='ocrx_word' id='word_1_172' title='bbox 842 2991 898 3076; x_wconf 87' lang='lat' dir='ltr'>(V.</span> <span class='ocrx_word' id='word_1_173' title='bbox 926 2994 1002 3075; x_wconf 75' lang='lat'><strong>207)</strong></span> <span class='ocrx_word' id='word_1_174' title='bbox 1033 3014 1096 3056; x_wconf 91' lang='lat' dir='ltr'>nen</span> <span class='ocrx_word' id='word_1_175' title='bbox 1130 2991 1263 3072; x_wconf 78' lang='lat' dir='ltr'>dubitat,</span> <span class='ocrx_word' id='word_1_176' title='bbox 1294 2991 1464 3057; x_wconf 85' lang='lat' dir='ltr'>sententias</span> <span class='ocrx_word' id='word_1_177' title='bbox 1496 2989 1558 3056; x_wconf 90' lang='lat' dir='ltr'>sal·</span> 
     </span>
     <span class='ocr_line' id='line_1_23' title="bbox 391 3097 1557 3187; baseline -0.001 -24"><span class='ocrx_word' id='word_1_178' title='bbox 391 3107 455 3164; x_wconf 91' lang='lat' dir='ltr'>tem</span> <span class='ocrx_word' id='word_1_179' title='bbox 488 3101 637 3165; x_wconf 88' lang='lat' dir='ltr'>orationis</span> <span class='ocrx_word' id='word_1_180' title='bbox 667 3099 780 3187; x_wconf 88' lang='lat' dir='ltr'>prioris</span> <span class='ocrx_word' id='word_1_181' title='bbox 813 3098 941 3164; x_wconf 84' lang='lat' dir='ltr'>Caesari</span> <span class='ocrx_word' id='word_1_182' title='bbox 974 3098 1132 3178; x_wconf 82' lang='lat' dir='ltr'>tribuere,</span> <span class='ocrx_word' id='word_1_183' title='bbox 1165 3121 1264 3185; x_wconf 84' lang='lat' dir='ltr'>eaque</span> <span class='ocrx_word' id='word_1_184' title='bbox 1292 3097 1333 3164; x_wconf 90' lang='lat' dir='ltr'>de</span> <span class='ocrx_word' id='word_1_185' title='bbox 1364 3119 1457 3162; x_wconf 80' lang='lat' dir='ltr'>eausa</span> <span class='ocrx_word' id='word_1_186' title='bbox 1488 3119 1557 3163; x_wconf 92' lang='lat' dir='ltr'>eam</span> 
     </span>
     <span class='ocr_line' id='line_1_24' title="bbox 392 3205 1558 3294; baseline -0.002 -24"><span class='ocrx_word' id='word_1_187' title='bbox 392 3207 519 3294; x_wconf 88' lang='lat' dir='ltr'>copiose</span> <span class='ocrx_word' id='word_1_188' title='bbox 551 3205 582 3271; x_wconf 92' lang='lat' dir='ltr'>in</span> <span class='ocrx_word' id='word_1_189' title='bbox 613 3206 725 3272; x_wconf 81' lang='lat' dir='ltr'>libunn</span> <span class='ocrx_word' id='word_1_190' title='bbox 757 3228 848 3271; x_wconf 83' lang='lat' dir='ltr'>strum</span> <span class='ocrx_word' id='word_1_191' title='bbox 882 3207 1006 3292; x_wconf 77' lang='lat' dir='ltr'>recipit:</span> <span class='ocrx_word' id='word_1_192' title='bbox 1041 3205 1133 3271; x_wconf 91' lang='lat' dir='ltr'>stilus</span> <span class='ocrx_word' id='word_1_193' title='bbox 1165 3205 1247 3270; x_wconf 89' lang='lat' dir='ltr'>euim</span> <span class='ocrx_word' id='word_1_194' title='bbox 1280 3205 1456 3270; x_wconf 88' lang='lat' dir='ltr'>orationum</span> <span class='ocrx_word' id='word_1_195' title='bbox 1490 3205 1558 3269; x_wconf 88' lang='lat' dir='ltr'>sine</span> 
     </span>
     <span class='ocr_line' id='line_1_25' title="bbox 393 3309 1560 3399; baseline -0.001 -22"><span class='ocrx_word' id='word_1_196' title='bbox 393 3309 490 3379; x_wconf 90' lang='lat' dir='ltr'>dnbio</span> <span class='ocrx_word' id='word_1_197' title='bbox 513 3311 718 3379; x_wconf 89' lang='lat' dir='ltr'>Sallustianus</span> <span class='ocrx_word' id='word_1_198' title='bbox 741 3320 799 3394; x_wconf 82' lang='lat' dir='ltr'>est,</span> <span class='ocrx_word' id='word_1_199' title='bbox 822 3335 923 3399; x_wconf 68' lang='lat' dir='ltr'>nerpue</span> <span class='ocrx_word' id='word_1_200' title='bbox 947 3334 1024 3377; x_wconf 81' lang='lat' dir='ltr'>cero</span> <span class='ocrx_word' id='word_1_201' title='bbox 1046 3311 1139 3378; x_wconf 90' lang='lat' dir='ltr'>stilus</span> <span class='ocrx_word' id='word_1_202' title='bbox 1169 3311 1280 3392; x_wconf 90' lang='lat' dir='ltr'>solum,</span> <span class='ocrx_word' id='word_1_203' title='bbox 1302 3309 1358 3376; x_wconf 89' lang='lat' dir='ltr'>scd</span> <span class='ocrx_word' id='word_1_204' title='bbox 1382 3321 1467 3378; x_wconf 89' lang='lat' dir='ltr'>totae</span> <span class='ocrx_word' id='word_1_205' title='bbox 1490 3333 1560 3376; x_wconf 88' lang='lat' dir='ltr'>ora-</span> 
     </span>
     <span class='ocr_line' id='line_1_26' title="bbox 394 3416 1561 3507; baseline 0 -23"><span class='ocrx_word' id='word_1_206' title='bbox 394 3419 497 3485; x_wconf 85' lang='lat' dir='ltr'>tiones</span> <span class='ocrx_word' id='word_1_207' title='bbox 519 3443 538 3485; x_wconf 85' lang='grc' dir='ltr'>ιι</span> <span class='ocrx_word' id='word_1_208' title='bbox 560 3419 707 3486; x_wconf 90' lang='lat' dir='ltr'>Sallustio</span> <span class='ocrx_word' id='word_1_209' title='bbox 730 3419 924 3507; x_wconf 90' lang='lat' dir='ltr'>compositae</span> <span class='ocrx_word' id='word_1_210' title='bbox 947 3427 1036 3500; x_wconf 59' lang='lat' dir='ltr'>sonte</span> <span class='ocrx_word' id='word_1_211' title='bbox 1069 3416 1110 3484; x_wconf 91' lang='lat' dir='ltr'>de</span> <span class='ocrx_word' id='word_1_212' title='bbox 1134 3416 1387 3506; x_wconf 74' lang='lat' dir='ltr'>primoquidem</span> <span class='ocrx_word' id='word_1_213' title='bbox 1410 3417 1561 3498; x_wconf 88' lang='lat' dir='ltr'>oratioue,</span> 
     </span>
     <span class='ocr_line' id='line_1_27' title="bbox 393 3523 1560 3614; baseline 0.001 -25"><span class='ocrx_word' id='word_1_214' title='bbox 393 3539 486 3614; x_wconf 85' lang='lat' dir='ltr'>quam</span> <span class='ocrx_word' id='word_1_215' title='bbox 510 3527 628 3592; x_wconf 86' lang='lat' dir='ltr'>Caesar</span> <span class='ocrx_word' id='word_1_216' title='bbox 656 3525 803 3593; x_wconf 86' lang='lat' dir='ltr'>habuisse</span> <span class='ocrx_word' id='word_1_217' title='bbox 838 3525 962 3602; x_wconf 85' lang='lat' dir='ltr'>dicitnr,</span> <span class='ocrx_word' id='word_1_218' title='bbox 994 3524 1073 3590; x_wconf 88' lang='lat' dir='ltr'>nihil</span> <span class='ocrx_word' id='word_1_219' title='bbox 1107 3526 1183 3591; x_wconf 86' lang='lat' dir='ltr'>certi</span> <span class='ocrx_word' id='word_1_220' title='bbox 1216 3523 1378 3606; x_wconf 87' lang='lat' dir='ltr'>habemns,</span> <span class='ocrx_word' id='word_1_221' title='bbox 1409 3524 1466 3590; x_wconf 87' lang='lat' dir='ltr'>sed</span> <span class='ocrx_word' id='word_1_222' title='bbox 1489 3548 1560 3590; x_wconf 92' lang='lat' dir='ltr'>eum</span> 
     </span>
     <span class='ocr_line' id='line_1_28' title="bbox 394 3631 1561 3712; baseline -0.002 -14"><span class='ocrx_word' id='word_1_223' title='bbox 394 3632 492 3699; x_wconf 84' lang='lat' dir='ltr'>altera</span> <span class='ocrx_word' id='word_1_224' title='bbox 524 3633 655 3700; x_wconf 89' lang='lat' dir='ltr'>Catonis</span> <span class='ocrx_word' id='word_1_225' title='bbox 685 3634 786 3698; x_wconf 89' lang='lat' dir='ltr'>oratio</span> <span class='ocrx_word' id='word_1_226' title='bbox 820 3633 888 3698; x_wconf 88' lang='lat' dir='ltr'>sine</span> <span class='ocrx_word' id='word_1_227' title='bbox 920 3631 1169 3698; x_wconf 80' lang='lat' dir='ltr'>contradictione</span> <span class='ocrx_word' id='word_1_228' title='bbox 1201 3631 1279 3698; x_wconf 79' lang='lat' dir='ltr'>salsa</span> <span class='ocrx_word' id='word_1_229' title='bbox 1309 3631 1360 3712; x_wconf 88' lang='lat' dir='ltr'>sit,</span> <span class='ocrx_word' id='word_1_230' title='bbox 1392 3631 1561 3698; x_wconf 78' lang='lat' dir='ltr'>verisimile</span> 
     </span>
     <span class='ocr_line' id='line_1_29' title="bbox 394 3733 1563 3828; baseline -0.003 -23"><span class='ocrx_word' id='word_1_231' title='bbox 394 3750 452 3820; x_wconf 80' lang='lat' dir='ltr'>est,</span> <span class='ocrx_word' id='word_1_232' title='bbox 485 3741 619 3828; x_wconf 82' lang='lat' dir='ltr'>priorem</span> <span class='ocrx_word' id='word_1_233' title='bbox 649 3762 774 3828; x_wconf 85' lang='lat' dir='ltr'>quoque.</span> <span class='ocrx_word' id='word_1_234' title='bbox 805 3763 825 3805; x_wconf 92' lang='lat' dir='ltr'>u</span> <span class='ocrx_word' id='word_1_235' title='bbox 857 3737 1008 3806; x_wconf 73' lang='lat' dir='ltr'>Srllustio</span> <span class='ocrx_word' id='word_1_236' title='bbox 1039 3733 1248 3826; x_wconf 80' lang='lat' dir='ltr'>cmupositam</span> <span class='ocrx_word' id='word_1_237' title='bbox 1280 3759 1367 3820; x_wconf 86' lang='lat' dir='ltr'>csse,</span> <span class='ocrx_word' id='word_1_238' title='bbox 1400 3747 1433 3803; x_wconf 94' lang='lat' dir='ltr'>ut</span> <span class='ocrx_word' id='word_1_239' title='bbox 1468 3761 1563 3826; x_wconf 86' lang='lat' dir='ltr'>supra</span> 
     </span>
     <span class='ocr_line' id='line_1_30' title="bbox 395 3845 1563 3935; baseline -0.004 -22"><span class='ocrx_word' id='word_1_240' title='bbox 395 3852 475 3935; x_wconf 88' lang='lat' dir='ltr'>(cap.</span> <span class='ocrx_word' id='word_1_241' title='bbox 504 3850 557 3931; x_wconf 75' lang='lat'>20)</span> <span class='ocrx_word' id='word_1_242' title='bbox 593 3846 746 3913; x_wconf 79' lang='lat' dir='ltr'>Catilinae</span> <span class='ocrx_word' id='word_1_243' title='bbox 781 3869 907 3934; x_wconf 83' lang='lat' dir='ltr'>quoque</span> <span class='ocrx_word' id='word_1_244' title='bbox 944 3847 1054 3930; x_wconf 55' lang='grc' dir='ltr'>ιιιιιιίοΥ</span> <span class='ocrx_word' id='word_1_245' title='bbox 1082 3855 1235 3934; x_wconf 86' lang='lat' dir='ltr'>concepta</span> <span class='ocrx_word' id='word_1_246' title='bbox 1268 3856 1343 3911; x_wconf 88' lang='lat' dir='ltr'>erat.</span> <span class='ocrx_word' id='word_1_247' title='bbox 1396 3845 1563 3933; x_wconf 75' lang='lat' dir='ltr'>Appianas</span> 
     </span>
     <span class='ocr_line' id='line_1_31' title="bbox 396 3943 1565 4042; baseline -0.003 -23"><span class='ocrx_word' id='word_1_248' title='bbox 396 3953 474 4042; x_wconf 84' lang='lat' dir='ltr'>ipse.</span> <span class='ocrx_word' id='word_1_249' title='bbox 496 3955 548 4042; x_wconf 85' lang='lat' dir='ltr'>qui</span> <span class='ocrx_word' id='word_1_250' title='bbox 572 3955 753 4042; x_wconf 71' lang='lat' dir='ltr'>eeteroluiu</span> <span class='ocrx_word' id='word_1_251' title='bbox 776 3953 959 4020; x_wconf 82' lang='lat' dir='ltr'>Sallustium</span> <span class='ocrx_word' id='word_1_252' title='bbox 976 3961 1105 4019; x_wconf 87' lang='lat' dir='ltr'>secutus</span> <span class='ocrx_word' id='word_1_253' title='bbox 1123 3943 1244 4034; x_wconf 66' lang='lat' dir='ltr'>est,&#39;ex</span> <span class='ocrx_word' id='word_1_254' title='bbox 1260 3951 1391 4020; x_wconf 89' lang='lat' dir='ltr'>Catonis</span> <span class='ocrx_word' id='word_1_255' title='bbox 1414 3953 1565 4032; x_wconf 84' lang='lat' dir='ltr'>oratioue,</span> 
     </span>
     <span class='ocr_line' id='line_1_32' title="bbox 396 4046 1565 4151; baseline -0.001 -27"><span class='ocrx_word' id='word_1_256' title='bbox 396 4083 488 4147; x_wconf 84' lang='lat' dir='ltr'>‹puun</span> <span class='ocrx_word' id='word_1_257' title='bbox 504 4083 613 4128; x_wconf 80' lang='lat' dir='ltr'>rercru</span> <span class='ocrx_word' id='word_1_258' title='bbox 628 4060 746 4144; x_wconf 86' lang='lat' dir='ltr'>habuit,</span> <span class='ocrx_word' id='word_1_259' title='bbox 759 4083 860 4151; x_wconf 83' lang='lat' dir='ltr'>parma</span> <span class='ocrx_word' id='word_1_260' title='bbox 876 4059 973 4126; x_wconf 82' lang='lat' dir='ltr'>uerba</span> <span class='ocrx_word' id='word_1_261' title='bbox 988 4046 1091 4140; x_wconf 79' lang='lat' dir='ltr'>ull&#39;ert,</span> <span class='ocrx_word' id='word_1_262' title='bbox 1104 4059 1219 4146; x_wconf 83' lang='lat' dir='ltr'>qrribus</span> <span class='ocrx_word' id='word_1_263' title='bbox 1232 4059 1350 4126; x_wconf 88' lang='lat' dir='ltr'>Caesar</span> <span class='ocrx_word' id='word_1_264' title='bbox 1364 4057 1565 4124; x_wconf 72' lang='lat' dir='ltr'>acerbissime</span> 
     </span>
     <span class='ocr_line' id='line_1_33' title="bbox 400 4164 1566 4256; baseline -0.003 -23"><span class='ocrx_word' id='word_1_265' title='bbox 400 4168 601 4256; x_wconf 89' lang='lat' dir='ltr'>vituperatur.</span> <span class='ocrx_word' id='word_1_266' title='bbox 634 4168 746 4236; x_wconf 87' lang='lat' dir='ltr'>Cicero</span> <span class='ocrx_word' id='word_1_267' title='bbox 768 4189 893 4256; x_wconf 78' lang='lat' dir='ltr'>qrromm</span> <span class='ocrx_word' id='word_1_268' title='bbox 916 4173 984 4256; x_wconf 87' lang='lat' dir='ltr'>(pro</span> <span class='ocrx_word' id='word_1_269' title='bbox 1007 4164 1113 4233; x_wconf 88' lang='lat' dir='ltr'>Sestio</span> <span class='ocrx_word' id='word_1_270' title='bbox 1136 4164 1408 4232; x_wconf 73' lang='lat' dir='ltr'>sandaracam</span> <span class='ocrx_word' id='word_1_271' title='bbox 1431 4167 1471 4231; x_wconf 83' lang='lat'>21</span> <span class='ocrx_word' id='word_1_272' title='bbox 1497 4171 1566 4246; x_wconf 89' lang='lat' dir='ltr'>etc.)</span> 
     </span>
     <span class='ocr_line' id='line_1_34' title="bbox 396 4270 1567 4363; baseline -0.002 -24"><span class='ocrx_word' id='word_1_273' title='bbox 396 4273 489 4340; x_wconf 83' lang='lat' dir='ltr'>huius</span> <span class='ocrx_word' id='word_1_274' title='bbox 512 4273 748 4363; x_wconf 85' lang='lat' dir='ltr'>vituperationis</span> <span class='ocrx_word' id='word_1_275' title='bbox 778 4297 873 4363; x_wconf 85' lang='lat' dir='ltr'>sucpe</span> <span class='ocrx_word' id='word_1_276' title='bbox 903 4273 1094 4340; x_wconf 81' lang='lat' dir='ltr'>mentionem</span> <span class='ocrx_word' id='word_1_277' title='bbox 1123 4271 1213 4350; x_wconf 83' lang='lat' dir='ltr'>lacit,</span> <span class='ocrx_word' id='word_1_278' title='bbox 1241 4281 1335 4358; x_wconf 83' lang='lat' dir='ltr'>utque</span> <span class='ocrx_word' id='word_1_279' title='bbox 1358 4270 1490 4339; x_wconf 84' lang='lat' dir='ltr'>Catonis</span> <span class='ocrx_word' id='word_1_280' title='bbox 1519 4273 1567 4360; x_wconf 84' lang='lat' dir='ltr'>ip-</span> 
     </span>
     <span class='ocr_line' id='line_1_35' title="bbox 398 4378 1567 4470; baseline 0 -28"><span class='ocrx_word' id='word_1_281' title='bbox 398 4379 463 4445; x_wconf 84' lang='lat' dir='ltr'>sius</span> <span class='ocrx_word' id='word_1_282' title='bbox 491 4380 584 4446; x_wconf 81' lang='lat' dir='ltr'>verbu</span> <span class='ocrx_word' id='word_1_283' title='bbox 612 4389 757 4470; x_wconf 75' lang='lat' dir='ltr'>rrsrrrprt3</span> <span class='ocrx_word' id='word_1_284' title='bbox 791 4405 892 4468; x_wconf 82' lang='lat' dir='ltr'>neque</span> <span class='ocrx_word' id='word_1_285' title='bbox 921 4390 1026 4448; x_wconf 89' lang='lat' dir='ltr'>taurcn</span> <span class='ocrx_word' id='word_1_286' title='bbox 1057 4390 1111 4446; x_wconf 92' lang='lat' dir='ltr'>uut</span> <span class='ocrx_word' id='word_1_287' title='bbox 1140 4379 1294 4469; x_wconf 81' lang='lat' dir='ltr'>Appiani,</span> <span class='ocrx_word' id='word_1_288' title='bbox 1321 4389 1373 4444; x_wconf 89' lang='lat' dir='ltr'>aut</span> <span class='ocrx_word' id='word_1_289' title='bbox 1403 4378 1567 4446; x_wconf 81' lang='lat' dir='ltr'>Ciceronis</span> 
     </span>
     <span class='ocr_line' id='line_1_36' title="bbox 399 4485 1566 4581; baseline -0.002 -26"><span class='ocrx_word' id='word_1_290' title='bbox 399 4487 493 4556; x_wconf 76' lang='lat' dir='ltr'>rerba</span> <span class='ocrx_word' id='word_1_291' title='bbox 521 4487 603 4581; x_wconf 76' lang='lat' dir='ltr'>aurud</span> <span class='ocrx_word' id='word_1_292' title='bbox 632 4487 814 4558; x_wconf 83' lang='lat' dir='ltr'>Sallustimn</span> <span class='ocrx_word' id='word_1_293' title='bbox 841 4489 1051 4558; x_wconf 81' lang='lat' dir='ltr'>inveniuntur.</span> <span class='ocrx_word' id='word_1_294' title='bbox 1098 4486 1224 4558; x_wconf 81' lang='lat' dir='ltr'>Dixerit</span> <span class='ocrx_word' id='word_1_295' title='bbox 1253 4486 1423 4579; x_wconf 75' lang='lat' dir='ltr'>‹prispimm</span> <span class='ocrx_word' id='word_1_296' title='bbox 1449 4485 1526 4552; x_wconf 85' lang='lat' dir='ltr'>lrace</span> <span class='ocrx_word' id='word_1_297' title='bbox 1549 4509 1566 4553; x_wconf 93' lang='lat' dir='ltr'>u</span> 
     </span>
    </p>
   </div>
   <div class='ocr_carea' id='block_1_3' title="bbox 0 0 1680 5120">
    <p class='ocr_par' dir='ltr' id='par_1_4' title="bbox 0 0 1680 5120">
     <span class='ocr_line' id='line_1_37' title="bbox 0 0 1680 5120; baseline 0 0"><span class='ocrx_word' id='word_1_298' title='bbox 0 0 1680 5120; x_wconf 95' lang='lat' dir='ltr'> </span> 
     </span>
    </p>
   </div>
  </div>
 </body>
</html>
