3308 5120
729 619 747 681 l

633 710 756 717 -—-.--

152 811 260 877 luisse.
278 851 317 861 -—
335 811 460 878 Deinde
486 811 520 878 P.
544 811 719 876 Autronius
742 811 860 877 Paetus
876 805 1056 876 artrrninatur
1077 822 1107 878 et
1133 813 1228 899 lurido
1250 823 1327 900 post·

152 917 187 982 Ρ.
195 917 362 985 Cornelius
375 918 471 999 Sulla,
479 918 533 1004 qni
550 919 580 982 in
590 940 707 984 annum
718 917 842 1006 asulae
852 917 997 983 eonsules
1007 916 1174 1004 desigrnrti,
1182 927 1218 983 ut
1229 941 1326 1007 supra
1353 947 1358 956 ·

150 1034 357 1090 arreruomtum
374 1035 432 1104 est,
447 1023 600 1110 dignitate
612 1047 670 1090 sua
681 1025 797 1112 priuati
809 1032 906 1090 erant,
938 1024 1083 1104 Quonnn
1094 1047 1133 1090 ex
1148 1025 1325 1092 calamitate

150 1153 221 1196 com
239 1131 377 1198 Catilina
394 1131 529 1196 fraretum
546 1153 656 1218 earnem
672 1129 856 1211 studuisset,
872 1133 984 1196 ιιιίιιιιιι
999 1139 1094 1212 esset,
1117 1133 1144 1196 si
1169 1141 1236 1197 tum
1252 1155 1323 1198 euru

150 1236 362 1319 :nliuvissent3
386 1239 440 1302 vix
463 1261 588 1325 ‹nrogoe
611 1237 776 1324 ‹nrisquarn
799 1235 916 1318 eredat,
931 1236 1060 1320 Sullam,
1083 1239 1175 1303 onius
1194 1247 1324 1326 patnnm
1376 1279 1379 1285 -

150 1353 219 1409 erat
234 1341 322 1410 Sulla
345 1343 398 1410 ille
421 1343 565 1425 dictator,
583 1342 756 1409 eorrtrnodis
779 1342 915 1408 bominis
938 1343 1086 1432 praetorii
1110 1343 1325 1426 inservivisse,

150 1449 203 1536 ιμιί
221 1451 349 1538 insopor
363 1450 468 1518 Sullae
486 1449 602 1516 Felicis
625 1449 752 1516 satelles
776 1450 888 1516 fuerat.
927 1449 1090 1517 Cicerorris
1111 1472 1153 1517 ex
1174 1452 1325 1532 oratione,

150 1579 246 1643 quam
270 1555 382 1623 eodem
405 1556 471 1623 fere
494 1567 635 1644 ternpore
658 1579 716 1644 pro
741 1555 829 1623 Sulla
851 1556 969 1638 habuit,
992 1555 1148 1640 videmus,
1170 1580 1243 1623 eum
1265 1580 1325 1624 nee

150 1663 350 1729 terraerarium
371 1663 506 1730 nimisve
527 1663 688 1744 audacem,
707 1685 809 1750 ireque
832 1686 904 1730 arere
925 1663 1027 1729 alieno
1048 1664 1197 1730 obnatnnr
1217 1664 1326 1746 titisse,

149 1793 220 1835 erun
253 1768 314 1837 sub
341 1770 555 1838 derrrrinatione
587 1771 690 1858 patrui
718 1771 964 1858 raroscriptennn
991 1769 1075 1837 bona
1107 1793 1145 1837 ea
1172 1770 1325 1837 aviditate

149 1878 343 1964 amipuisset,
359 1887 394 1943 nt
416 1877 448 1943 in
469 1900 630 1943 rurmerurn
647 1877 875 1943 ditissimorum
894 1878 1124 1964 negotiatorum
1141 1876 1326 1959 reseratum

150 1985 246 2050 stulte
270 1985 367 2072 igitur
389 1986 522 2072 egisset,
549 1985 576 2051 si
605 2007 663 2074 pro
687 1983 825 2051 Catilina
847 1984 1020 2072 perieulum
1045 1983 1206 2051 subiisset.
1251 1982 1326 2051 Ser·

151 2093 237 2156 rimu
252 2101 357 2158 aunem
374 2089 503 2174 Sullam,
518 2114 610 2178 quern
626 2091 835 2158 coniurationi
852 2091 968 2158 fauisse
985 2114 1024 2157 ne
1042 2092 1182 2179 suspicio
1197 2089 1325 2179 quidem

149 2207 207 2280 est,
231 2221 293 2264 non
318 2201 424 2286 inepte
440 2198 577 2264 Wirzius
593 2203 674 2287 (pag.
690 2202 744 2283 ι10)
767 2198 883 2264 mnieit
905 2221 968 2264 ona
989 2221 1061 2264 curn
1077 2198 1183 2264 fratris
1199 2198 1326 2264 notariae

148 2329 167 2370 a
184 2305 335 2372 Sallustio
351 2305 382 2371 in
399 2307 630 2372 eorrirmrtonnn
655 2305 777 2372 talmlas
801 2315 960 2394 receptura
985 2326 1065 2370 esse.
1082 2345 1123 2354 -
1140 2305 1178 2372 L
1194 2303 1326 2372 Cassius

150 2413 324 2499 longinus,
346 2414 435 2480 euius
458 2411 583 2502 adipem
607 2395 720 2479 Cieero
743 2411 824 2498 (Cat.
839 2411 903 2478 III.
921 2415 952 2494 l,
969 2415 1021 2497 ln)
1044 2411 1157 2494 illudit,
1179 2412 1325 2500 quamuis

149 2522 239 2608 piger
266 2529 300 2586 ot
327 2519 472 2609 torpidus
500 2521 531 2586 in
560 2522 715 2587 obesitate
743 2543 799 2586 sua
822 2520 931 2602 suerit,
958 2520 1033 2587 lanie
1062 2527 1176 2585 tamen·
1192 2517 1325 2586 oonsilio

149 2626 236 2691 rudlo
259 2637 353 2714 paeto
377 2627 529 2693 interesse
552 2627 667 2715 potuit,
689 2651 760 2694 eram
783 2627 939 2693 Catilinae
963 2630 995 2692 in
1012 2625 1178 2693 consulatu
1197 2648 1326 2714 compe·

149 2735 227 2798 titor
249 2737 385 2817 esset;*)
414 2733 599 2800 Sallustium
626 2733 688 2800 hoe
711 2733 906 2822 ignoravisse
928 2734 1043 2822 liquet,
1066 2756 1169 2822 raeque
1193 2757 1270 2800 vero
1292 2733 1325 2800 in

149 2863 192 2920 re,
215 2839 273 2907 sod
296 2842 328 2906 in
352 2841 547 2929 temporibus
570 2849 607 2906 ut
628 2863 722 2929 saepe
746 2851 837 2923 enan,
861 2864 931 2906 nam
955 2850 1042 2928 post
1064 2839 1223 2928 repulsam
1246 2839 1327 2908 Cas·

150 2947 216 3012 sius
240 2969 311 3014 eram
339 2946 450 3034 Sergio
479 2971 514 3014 se
542 2949 713 3014 eortiunxit.
758 2946 880 3029 Ceteri,
906 2971 987 3036 qaros
1014 2957 1179 3014 ennrnernt
1207 2958 1326 3029 auctor,

149 3062 276 3140 plraeter·
297 3053 339 3134 Q,
363 3055 502 3119 Annium
527 3077 566 3120 ex
590 3053 753 3121 Ciceronis
777 3054 971 3120 orationibus
995 3056 1060 3120 noti
1085 3063 1174 3120 suntz
1202 3053 1240 3121 O.
1263 3053 1326 3121 Ce-

150 3158 278 3246 thegus,
306 3160 343 3226 L.
372 3161 606 3248 Vargunteius,
637 3161 684 3228 bL
712 3161 844 3228 Peneius
868 3161 972 3228 Ineea
999 3162 1031 3227 io
1062 3163 1109 3227 eis
1139 3171 1244 3242 etant,
1270 3160 1325 3248 qui

150 3277 279 3334 serratus
302 3267 448 3334 consulto
471 3279 601 3357 propter
627 3268 707 3334 liano
735 3271 834 3357 ipsunt
857 3291 928 3334 narn
952 3266 1257 3350 condenmabantur;
1288 3267 1325 3333 Ι,

150 3373 342 3460 Calpurnius
364 3375 474 3441 Bestia
497 3377 602 3442 rixans
625 3385 680 3441 est.
698 3375 751 3442 ille
768 3375 929 3456 tribunus,
951 3377 1004 3462 ιμιί
1029 3374 1231 3458 Ciceronem,
1253 3397 1325 3440 erun

151 3481 335 3567 taragistratu
359 3503 394 3548 se
417 3479 587 3564 abdiernet,
609 3481 649 3548 ad
674 3483 823 3571 populum
847 3480 952 3548 ‹lieere
976 3481 1087 3548 vetnit.
1132 3481 1175 3561 Q„
1199 3480 1324 3547 Annius

149 3590 222 3674 quis
244 3587 355 3668 fuerit,
377 3587 508 3654 dubiam
531 3599 594 3671 est,
623 3612 694 3655 curn
718 3588 886 3655 Sallustius
918 3611 998 3654 nnus
1021 3587 1082 3654 boe
1105 3609 1219 3654 nornen
1244 3589 1326 3653 inter

150 3695 330 3760 errariuratos
354 3692 518 3761 tradiderit
524 3719 534 3777 ;
556 3718 594 3761 ae
616 3695 710 3762 laeile
731 3698 835 3782 gentis
858 3695 984 3761 Anniae
999 3693 1127 3782 qnidam
1143 3695 1324 3760 coniuratus

150 3801 344 3886 stultaeque
368 3810 471 3866 tanmn
496 3803 634 3890 suspieio
658 3803 784 3892 penitus
806 3801 911 3884 abest,
935 3801 967 3868 id
991 3801 1095 3891 ipsrun
1111 3823 1227 3868 nouren
1243 3800 1326 3867 inter

149 3907 331 3972 ooninmtos
343 3907 391 3972 ab
411 3916 538 3974 artetum
560 3911 697 3996 positum
715 3931 794 3990 esse,
814 3909 888 3996 qrria
902 3907 976 3975 inde
991 3931 1019 3975 a.
1034 3908 1073 3976 Τ.
1088 3907 1176 3974 Anni
1192 3906 1324 3974 Milonis

149 4035 245 4078 eausa
268 4013 412 4080 simultas
435 4014 636 4082 acerbissima
664 4017 746 4082 inter
774 4038 844 4082 eum
876 4025 908 4082 et
938 4015 1062 4082 dumos
1085 4024 1161 4080 erat.
1207 4013 1259 4079 De
1281 4013 1325 4093 Q

150 4119 249 4185 Canio
270 4119 437 4207 plmimurn
461 4120 546 4210 aprrd
562 4121 745 4188 Sallustium
770 4122 871 4210 ipsum
888 4122 1039 4211 seriptum
1063 4131 1121 4202 est,
1141 4120 1195 4187 ubi
1211 4130 1325 4201 narrat,

150 4224 311 4312 qnornodo
338 4225 534 4314 deprelreusa
565 4231 607 4294 sit
637 4229 821 4295 eonirnatio.
854 4228 898 4294 l1i
922 4252 1032 4296 omues
1056 4236 1219 4294 senatores
1241 4235 1326 4308 sunt,

258 4461 282 4528 ¹)
300 4460 349 4514 etr.
370 4459 481 4532 llugeu,
499 4460 628 4530 Cutilirm,
647 4460 822 4534 lidnigslurg
842 4463 918 4518 lset.
