3274 5032
790 457 975 541 .-,46.=·
1020 501 1023 508 ·

230 623 315 698 ,tem
337 613 394 683 111:
415 616 466 696 ed
490 616 596 694 Bekk.
618 635 651 703 p.
676 612 774 700 196.)
820 613 935 684 Putem
956 615 1069 699 igitur,
1091 613 1161 681 fieri
1183 611 1343 700 potuisse,
1366 619 1405 682 ut
1424 613 1536 683 Cicero

239 721 310 808 ipse
331 721 368 787 in
390 719 634 798 commentariis
656 738 728 786 rem
750 718 797 784 lla
818 723 1000 801 enarraret,
1022 737 1087 804 quo
1103 717 1242 800 doceret,
1264 722 1417 797 senatum
1432 723 1467 785 et
1483 737 1536 784 se-

233 829 308 903 ,met
328 823 438 911 ipsum
460 823 548 890 idem
568 821 724 904 voluisse,
746 822 783 888 id
805 826 867 902 est,
888 819 1066 888 Catilinam
1088 839 1132 886 ex
1149 818 1229 886 urbe
1246 817 1425 906 expellere.
1469 818 1537 886 Sed

238 925 275 991 iu
295 925 508 1012 sequemilms
530 923 570 990 1).
593 943 718 991 errores
739 923 883 990 maiores
906 922 1085 1004 commisit,
1107 922 1164 1008 qui
1187 923 1219 988 ei
1242 921 1308 1009 ipsi
1331 941 1438 1009 neque
1465 922 1536 988 cui·

239 1047 337 1114 quam
359 1027 418 1104 alii
441 1027 525 1094 fonti
549 1025 630 1092 vitio
652 1025 754 1092 tribui
776 1024 899 1092 debent
921 1022 1048 1110 (confer
1071 1024 1113 1090 de
1137 1025 1179 1092 iis
1203 1023 1349 1090 Dubium
1371 1024 1416 1091 ad
1437 1045 1465 1091 c.
1483 1025 1536 1092 33.

240 1135 272 1196 et
292 1127 457 1216 Sehlieplr.
481 1148 515 1216 p.
536 1129 590 1196 35.
605 1135 638 1197 et
652 1128 731 1213 36.)
775 1127 970 1196 Ciceronem
987 1131 1155 1193 auctorem
1172 1125 1273 1195 huius
1289 1119 1409 1215 capitis
1423 1127 1538 1210 luisse,

240 1233 355 1316 negari
378 1253 443 1299 non
465 1239 583 1318 potest,
606 1231 666 1300 hoc
687 1252 752 1300 uno
775 1238 923 1319 excepto,
957 1231 1046 1318 quod
1068 1229 1181 1299 Cicero
1216 1233 1258 1299 de
1292 1232 1437 1300 Antonio
1470 1251 1537 1298 non

231 1334 289 1416 ¹ita
309 1333 446 1418 dixerit,
470 1340 508 1415 pt
529 1334 606 1410 Dio.
881 1403 888 1409 ,

327 1433 438 1518 Verba
452 1457 480 1504 c
494 1437 547 1504 34.
562 1437 647 1505 inin:
665 1443 740 1522 „ael
753 1438 790 1504 ἐν
804 1437 909 1526 καιρῷ
923 1459 957 1520 ro
978 1443 1022 1515 εἰς
1043 1435 1087 1503 tol
1106 1435 1255 1522 μάλιστα
1277 1451 1345 1516 τοῖς
1364 1437 1537 1524 Ῥωμαίοις

230 1537 425 1624 ,κατέμεινθ
464 1539 508 1608 ad
545 1540 707 1608 neminem
742 1540 844 1607 elium
881 1545 1050 1608 auctorem
1089 1539 1153 1606 nisi
1188 1539 1328 1616 Dionem
1364 1541 1538 1608 referenda

241 1648 329 1726 sunt,
351 1661 428 1708 nam
449 1644 602 1731 quamvis
625 1641 703 1711 haec
725 1643 827 1711 verba
859 1641 1027 1711 Ciceronis
1061 1643 1216 1734 meritum
1240 1663 1324 1720 ‚non
1350 1645 1539 1726 detrectent

240 1747 299 1814 sed
321 1747 430 1833 potius
451 1747 663 1836 amplificent,
687 1755 797 1816 tamen
826 1748 988 1839 dubium,
1023 1769 1103 1816 num
1134 1748 1206 1836 ipse
1240 1746 1355 1814 Cicero
1377 1746 1554 1820 ,consulto-

240 1869 313 1929 rem
333 1849 418 1917 falso
440 1851 614 1926 enarrarit
659 1851 713 1916 An
727 1851 904 1938 quisquam
919 1851 1070 1938 opinioni
1086 1851 1137 1918 illi
1152 1871 1188 1919 se
1203 1851 1313 1934 dedat
1335 1850 1537 1934 Ciceronem,

230 1971 306 2038 ,quo
315 1953 468 2034 meritum
481 1973 578 2029 suum
592 1973 720 2020 summo
735 1953 913 2041 splendore
930 1954 1083 2036 alliceret,
1099 1953 1179 2022 haec
1194 1973 1350 2023 enarrare
1368 1954 1539 2040 potuisset

231 2051 305 2138 ‘Sed
325 2061 437 2121 tanam
454 2055 567 2138 ,locere
588 2076 654 2123 uon
676 2075 822 2144 possum,
844 2056 926 2143 quin
940 2047 1089 2140 ‚suniam
1112 2055 1240 2140 (confer
1263 2056 1364 2127 nubi.
1379 2055 1423 2122 ed
1438 2076 1466 2126 c.
1485 2058 1539 2129 34.

241 2163 277 2222 et
297 2155 447 2225 Thouret
471 2177 504 2244 p.
525 2159 600 2226 315.
622 2161 658 2226 in
681 2159 774 2227 Stud.
797 2159 890 2246 Lips.
913 2158 938 2226 l.
962 2157 1283 2244 commanente,
1304 2158 1535 2250 auctoritatem

242 2259 277 2326 in
301 2257 362 2336 hoc
382 2259 617 2348 cap.,Dionem
638 2281 711 2329 csse
733 2269 892 2342 secutum,
925 2260 1014 2349 quod
1038 2260 1541 2344 verisimillimum,esus-verba

241 2359 286 2450 ,dc
307 2361 471 2449 prodigiis
492 2382 531 2430 ac
553 2362 721 2431 miraculis
743 2360 963 2441 eCiceronis¹
983 2363 1243 2460 ,commentariis
1257 2428 1263 2440 ,
1277 2383 1359 2452 quos
1394 2365 1430 2432 in
1467 2384 1539 2453 cap.

242 2464 512 2548 antecedentibus
533 2461 577 2535 D.
597 2466 801 2552 excerpsisse
824 2465 967 2548 videtur,
990 2463 1108 2532 hausta
1129 2485 1214 2548 esse,
1249 2485 1327 2532 nem
1349 2487 1426 2535 cum
1447 2466 1538 2564 Cice3

232 2587 325 2636 rone
348 2569 383 2652 in
404 2567 474 2637 Cat
497 2566 554 2654 111,
578 2569 716 2636 19-21.
738 2568 950 2636 consentiunt
972 2565 1084 2653 (aliter
1105 2569 1210 2635 sentit
1231 2567 1398 2657 Schlieph.
1424 2588 1457 2657 p.
1472 2569 1542 2654 31):
1564 2594 1570 2600 ·

245 2672 606 2765 Qup.35.1)ioneme
641 2668 798 2740 Sallustio
830 2668 983 2750 hausisse
1021 2690 1096 2746 cum
1129 2670 1324 2767 relationem
1358 2673 1399 2746 de
1429 2671 1542 2754 ¹Crassi

246 2776 546 2850 accusationetum
568 2774 609 2842 de
630 2782 748 2843 conatu
766 2774 968 2852 ,libertorum
989 2793 1028 2842 ac
1050 2774 1394 2852 servorumLeutuli
1414 2781 1542 2848 cetero·

237 2899 381 2966 rumque
402 2878 608 2966 captivorum
640 2877 892 2946 liberandorum
910 2867 1028 2956 ,cerua
1062 2880 1159 2971 facto,
1193 2885 1376 2966 procerte
1405 2877 1540 2946 habeam

248 2981 376 3066 (confer
396 2980 496 3048 nubi.
518 3000 551 3068 p,
575 2981 650 3048 875.
681 2987 716 3048 ct
747 2979 911 3069 Schlieplr.
934 3001 967 3069 p.
1002 2979 1080 3065 36.).
1124 2978 1294 3060 ‚Quemvis
1328 2981 1392 3050 Dio
1407 3051 1410 3058 Δ
1426 2986 1544 3050 narret

249 3085 349 3170 (conl.
370 3081 536 3171 Schlieph.
558 3102 590 3170 p.
612 3081 693 3167 86),
716 3101 817 3150 unam
840 3089 969 3161 tantum
992 3088 1119 3150 noctem
1137 3083 1225 3150 inter
1237 3104 1313 3158 cum
1328 3083 1417 3151 diem
1433 3085 1543 3168 curiae,

248 3206 312 3273 quo
334 3186 495 3255 coniurati
517 3185 554 3251 in
574 3185 714 3254 liberam
735 3186 921 3254 custodiam
944 3185 1026 3270 deti,
1056 3192 1091 3253 et
1112 3173 1200 3270 eum,¹
1220 3206 1284 3274 quo
1306 3192 1410 3254 morte
1433 3185 1541 3254 allecti

249 3295 337 3373 sunl,
357 3287 558 3372 interfuisse,
579 3295 689 3356 tamen
711 3288 752 3355 dc
774 3289 881 3373 rebus,
904 3309 985 3376 quas
1007 3289 1150 3367 secunde
1177 3295 1272 3356 nocte
1298 3290 1350 3374 (id
1377 3297 1427 3358 est
1441 3296 1544 3374 nocte,

250 3411 322 3479 qua
343 3391 430 3460 diem
451 3390 562 3478 pridie
583 3389 693 3458 Nonas
715 3390 872 3458 Decemb.
895 3398 1010 3458 secuta
1030 3391 1096 3475 est)
1111 3392 1219 3458 tactas
1234 3411 1305 3460 esse
1322 3391 1444 3460 scimus
1460 3392 1554 3480 (rid.

234 3494 382 3580 *Sallust
403 3515 430 3562 α
452 3494 506 3561 48.
528 3491 597 3577 50.)
618 3495 728 3578 refert,
750 3515 816 3582 qna
836 3514 880 3562 ex
904 3513 939 3562 re
962 3495 1123 3582 sequitur,
1157 3501 1195 3561 nt
1228 3493 1340 3578 Dioni,
1374 3515 1439 3563 noo
1473 3497 1543 3564 eius

236 3599 386 3682 ,auctori
409 3586 472 3664 hoc
498 3587 712 3664 tribuendum
735 3598 781 3665 sit
802 3598 894 3664 vitio.
938 3596 1135 3666 Plutarchus
1158 3597 1295 3684 quidem
1312 3598 1363 3684 (in
1389 3597 1455 3668 vit.
1476 3598 1545 3668 Cic.

251 3720 279 3769 e
304 3703 355 3770 te.
376 3699 445 3787 20.)
466 3701 652 3768 accuratius
675 3706 710 3767 et
730 3688 898 3787 copiosius
919 3701 961 3768 de
985 3700 1145 3768 sacrificio
1175 3701 1227 3779 in,
1244 3698 1428 3770 Ciceronis·
1448 3700 1543 3771 domo

234 3805 338 3871 docto
360 3804 443 3872 dicit
463 3822 567 3890 neque
588 3809 700 3870 tamen
723 3823 798 3871 cum
821 3803 1077 3890 Sentiepncckio
1101 3802 1149 3892 (p.
1171 3802 1240 3889 36.)
1262 3823 1402 3888 sumam,
1437 3804 1540 3874 Dioni

235 3907 393 3982 eundem
424 3907 561 3990 ionwm,
583 3925 681 3992 quem
703 3905 890 3993 Plocrrcho‚
912 3905 964 3993 (id
986 3913 1038 3974 est
1059 3905 1209 3991 Livium)
1232 3912 1310 3975 aute
1333 3909 1445 3976 oculos
1468 3928 1543 3976 esse

254 4015 431 4092 versatum,
453 4009 537 4093 ideo,
559 4009 647 4097 quod
668 4010 704 4076 iu
728 4009 789 4077 hoc
810 4016 844 4078 et
874 4011 1025 4098 sequenti
1048 4011 1157 4098 capite
1195 4007 1385 4078 Ciceronem
1419 4012 1545 4090 lo'nteiu

236 4109 371 4180 -Dionis
393 4113 495 4179 inisse
518 4109 697 4179 verisimile
721 4117 781 4179 est
832 4109 934 4184 Cuius
970 4111 1017 4178 rei
1054 4111 1281 4178 testimonium
1314 4119 1367 4180 est
1397 4111 1545 4182 Caesaris
1592 4149 1596 4156 .

237 4215 417 4300 ,seruientia
427 4214 470 4299 (c.
482 4215 534 4282 86.
547 4213 648 4298 init),
663 4231 735 4299 quoe
745 4233 882 4301 prorsus
893 4231 969 4282 cum
984 4211 1137 4281 Cicerone
1152 4214 1204 4299 (iu
1217 4213 1287 4282 Cat
1300 4213 1357 4294 lv,
1374 4213 1394 4293 8
1409 4217 1438 4282 l.
1454 4221 1487 4284 ct
1499 4215 1546 4302 8.)

239 4317 428 4401 ‚consentit
471 4315 535 4386 Sed
556 4316 726 4384 redeamus
747 4315 791 4384 ad
815 4318 913 4384 linem
935 4316 1055 4404 capitis
1079 4317 1132 4384 85.
1176 4317 1207 4384 Α
1236 4315 1392 4384 Cicerone
1427 4313 1544 4386 Diouis
1583 4335 1586 4342 ·

255 4417 370 4486 relatio
392 4417 433 4486 de
456 4416 618 4506 Capitolio
639 4423 673 4486 et
692 4420 762 4485 foro
786 4425 880 4487 nocte
900 4425 977 4487 aute
1000 4417 1085 4486 Non.
1108 4417 1184 4487 Dec.
1206 4419 1248 4488 ab
1283 4421 1419 4488 armatis
1454 4440 1547 4490 occu·

255 4523 343 4610 potis
364 4523 576 4589 continuatur
597 4519 679 4605 (uid.
701 4519 767 4590 Cio.
792 4520 935 4609 Philipp.
959 4521 1000 4606 ll,
1023 4523 1054 4605 l,
1079 4523 1129 4589 lli.
1152 4527 1187 4590 ot
1210 4523 1251 4590 de
1274 4530 1355 4590 orat
1387 4529 1462 4611 post
1478 4523 1548 4592 red.

255 4625 381 4707 insen.
405 4623 479 4690 lrab.
495 4623 522 4706 ⁴5
546 4622 624 4710 18),
645 4624 725 4708 item
745 4623 786 4690 de
807 4626 1048 4714 conscriptione
1063 4625 1218 4692 militum.
1265 4623 1359 4692 Unde
1377 4625 1440 4694 Dio
1456 4626 1541 4693 lalso
