3308 5120
319 811 435 874 tionem
467 831 486 872 a
518 807 668 874 Sallustio
704 806 903 893 anticipatum
942 829 1020 873 esse.
1069 805 1122 872 Ad
1160 805 1355 894 probandam
1391 829 1479 872 stram

319 915 498 1003 opinionem
521 914 599 979 mire
622 921 795 978 accuratam
819 911 1060 1000 descriptionem
1076 911 1164 980 Curii
1188 910 1286 994 addit,
1307 911 1364 978 sed
1384 935 1481 1000 appa·

318 1030 368 1088 ret
388 1043 457 1087 eam
481 1043 520 1086 ex
543 1029 659 1085 et'cntu
683 1021 831 1106 scriptam
855 1041 934 1085 esse.
972 1018 1108 1087 Catilina
1127 1027 1191 1084 tam
1212 1040 1294 1085 vano
1309 1027 1343 1084 et
1355 1018 1480 1106 garrulo

317 1127 437 1194 bomini
464 1125 628 1192 consilium
655 1125 708 1190 vel
735 1125 838 1213 potius
868 1126 963 1190 vitam
993 1148 1081 1191 suam
1104 1148 1263 1213 nunquam
1286 1127 1481 1192 committere

318 1234 436 1322 patuit,
458 1233 486 1299 si
508 1240 597 1298 tanta
618 1229 816 1319 providentia
837 1239 870 1297 et
892 1231 1052 1323 hominnm
1074 1233 1186 1321 peritia
1209 1240 1290 1312 erat,
1312 1241 1428 1319 quanta
1450 1233 1481 1298 ei

318 1341 421 1428 eapite
439 1343 480 1405 14
496 1337 652 1404 uberrima
667 1335 782 1402 tributa
798 1347 855 1404 cst
878 1337 1044 1405 Sallustius
1060 1339 1128 1427 ipse
1144 1337 1271 1404 videtur
1280 1339 1482 1420 intellexisse,

319 1446 526 1512 narrationem
554 1466 642 1510 suam
672 1465 734 1508 non
762 1443 922 1525 sulficere;
955 1445 1081 1532 copiose
1113 1445 1197 1510 enim
1224 1444 1264 1512 de
1293 1445 1381 1512 Curii
1408 1467 1481 1512 cum

318 1551 433 1619 Fulvia
455 1548 681 1616 consuetudine
703 1550 849 1637 loquitur,
871 1573 942 1617 cum
964 1550 1147 1639 plerumque
1170 1550 1334 1618 brevitatis
1357 1551 1481 1618 laudem

319 1667 464 1725 sectetur.
508 1657 603 1723 Hauc
625 1679 682 1744 per
703 1655 881 1723 facundiam
904 1659 1019 1723 sensim
1042 1655 1081 1722 ad
1105 1656 1269 1724 Ciceronis
1292 1659 1482 1725 creationem

319 1767 352 1831 in
379 1787 494 1830 anniam
523 1765 565 1831 63
589 1762 746 1844 allabitur,
772 1761 856 1850 quod
880 1773 930 1830 est
950 1786 1046 1829 uuum
1067 1763 1185 1830 lactum
1208 1766 1281 1830 anni
1305 1766 1428 1852 ⁶93i⁶4
1452 1765 1483 1831 ei

319 1871 487 1959 cognitum.
532 1869 757 1957 Unusquisque
788 1879 930 1956 quaeret:
960 1869 1057 1957 quid?
1086 1893 1191 1937 nonne
1223 1873 1267 1952 ei,
1298 1872 1353 1958 qui
1379 1870 1420 1938 de
1447 1895 1483 1938 re

319 1977 469 2044 certiores
504 1976 579 2042 sacti
611 1985 713 2057 erant,
749 1999 815 2042 reru
852 1975 893 2042 ad
930 1977 1130 2063 magistratus
1168 1975 1369 2044 detulerunt?
1416 1978 1484 2045 Cur
1596 2007 1599 2016 ·

319 2083 435 2150 Fulvia
465 2092 498 2150 et
527 2081 642 2150 Curius
672 2105 710 2149 ea
740 2081 780 2149 de
810 2105 843 2148 re
873 2106 936 2149 non
963 2105 982 2149 a
1008 2092 1152 2170 praetore
1180 2085 1362 2170 interrogati
1389 2089 1484 2151 sunt?

320 2189 487 2257 Sallustius
519 2190 635 2255 omittit
663 2197 724 2255 tam
755 2190 886 2255 moleste
911 2212 1074 2277 quaerere,
1102 2213 1174 2256 cum
1202 2189 1392 2279 respondere
1419 2215 1483 2257 nen

319 2298 485 2385 potuisset,
500 2297 527 2361 si
543 2295 759 2384 quaesivisset,
775 2297 878 2383 pergit
892 2317 929 2362 ee
943 2318 995 2362 res
1011 2298 1298 2384 inprimisstudiu
1309 2297 1484 2364 delitiarum

319 2403 467 2470 accmrdit
502 2403 547 2468 ad
584 2403 791 2468 consulatum
829 2403 1057 2470 rrmndaadum
1095 2405 1143 2470 M.
1184 2405 1287 2471 'lb-llio
1323 2404 1483 2472 Ciceroni.

320 2509 408 2576 Curii
440 2508 613 2597 loquacitas
644 2507 776 2574 multum
807 2509 949 2597 profectu
978 2509 1142 2593 valuisset,
1174 2511 1202 2576 si
1229 2519 1351 2576 tantum
1378 2510 1486 2599 pmie·
1589 2583 1591 2592 s

319 2616 430 2693 cisset,
458 2614 516 2683 sed
540 2639 579 2682 ex
608 2614 770 2683 Ciceronis
792 2616 824 2681 in
848 2625 922 2702 toga
943 2615 1076 2682 eandida
1098 2619 1279 2703 oratione*)
1310 2617 1486 2684 luculenter

320 2732 459 2811 apparet,
482 2721 664 2791 Sallustium
680 2722 846 2789 enavisse:
863 2722 985 2805 Cicero,
1000 2723 1053 2810 qui
1069 2723 1154 2790 veris
1170 2724 1251 2790 lictis
1263 2724 1486 2812 competitores

320 2829 509 2918 aggreditur,
530 2828 572 2896 de
594 2828 654 2896 hac
676 2829 888 2896 aestimatione
911 2829 987 2896 nihil
1010 2829 1099 2895 dixit.
1122 2829 1231 2896 Facile
1248 2829 1400 2912 ridemus,
1421 2854 1486 2917 quo

320 2945 414 3024 pacta
441 2945 564 3002 creatus
586 2935 643 3015 sit,
671 2958 733 3001 non
756 2935 897 3002 convicia
918 2937 950 3002 in
974 2939 1122 3003 virtutem
1145 2937 1300 3004 Catilinae
1324 2947 1485 3004 senatores

320 3051 565 3124 commoverunt,
588 3052 623 3107 ut
637 3041 781 3108 Ciceroni
805 3041 955 3124 faverent,
977 3065 1048 3108 eum
1070 3043 1212 3131 plerique
1235 3066 1342 3110 eorum
1358 3044 1486 3110 minima

321 3149 500 3236 integritate
523 3158 638 3229 essent,
661 3159 754 3236 atque
777 3149 845 3236 ipse
869 3149 1037 3230 Antonius,
1059 3173 1153 3236 quem
1177 3149 1332 3217 Catilinae
1356 3160 1487 3240 antepo-

320 3265 459 3336 suerunt,
481 3254 575 3320 borao
599 3254 749 3320 scelestus
772 3266 865 3322 esset.
894 3257 1077 3323 Ciceronem
1094 3268 1281 3330 meaverunt
1295 3256 1370 3322 odio
1384 3280 1487 3345 popu-

320 3361 432 3426 larium
459 3370 492 3428 et
521 3361 674 3450 imprimis
697 3359 856 3442 Caesaris,
886 3361 941 3448 qui
963 3371 1070 3450 aperte
1093 3361 1262 3429 Catilinam
1285 3363 1486 3430 adiuvabant.

321 3467 428 3533 Etiam
457 3466 570 3534 OEccm
600 3465 640 3532 ad
671 3466 706 3532 id
731 3489 802 3532 cum
824 3467 1026 3557 poprdaribus
1049 3479 1266 3552 consenserat,
1298 3469 1358 3535 hac
1379 3479 1485 3536 autem

321 3572 686 3640 orationccumdiceret:
701 3580 863 3660 praetereo
874 3575 968 3641 illum
978 3575 1147 3660 aeserirmr
1159 3583 1314 3642 conatum
1324 3583 1485 3661 lucrm...,

321 3701 397 3746 ceria
420 3679 540 3746 Pisone
561 3682 661 3761 socio,
693 3675 747 3746 ‘rte
769 3703 866 3768 quem
888 3681 994 3747 elirrm
1016 3675 1214 3766 normalem,
1244 3684 1372 3748 eaedem
1394 3685 1483 3771 opli-

322 3787 464 3852 metium
491 3787 600 3872 sarcre
630 3787 774 3870 coluisti,
807 3795 870 3852 trun
898 3787 1064 3854 manifesto
1087 3787 1237 3855 Οιιιεειιιιι
1261 3798 1295 3855 et
1316 3787 1485 3856 Caesarem

321 3892 523 3974 insimulavit,
547 3900 582 3956 ut
604 3915 758 3979 nunquam
782 3915 854 3958 curn
877 3893 923 3960 eis
946 3893 977 3958 in
999 3895 1130 3982 gratiam
1147 3895 1249 3962 redire
1264 3904 1382 3983 posset.
1402 3895 1487 3975 Qui·

320 3997 379 4064 bus
402 3998 572 4065 latentibus
595 3997 652 4064 sed
674 3999 750 4064 satis
773 3999 947 4088 perspicuis
970 3999 1250 4068 obtrectationibus
1273 4000 1390 4068 dicacis
1411 4025 1486 4069 mn·

321 4103 419 4170 didati
444 4105 611 4194 optimates
634 4102 714 4171 adeo
736 4105 883 4172 oblectati
906 4117 988 4190 srmt,
1011 4115 1046 4172 ut
1067 4129 1087 4172 a
1109 4130 1144 4174 sc
1167 4108 1486 4196 impetrarenthomi·

321 4269 430 4278 ι-----.
439 4271 444 4276 .
478 4273 481 4276 .

417 4357 452 4422 ἦ)
477 4353 615 4424 liirssliug
637 4361 663 4408 et
688 4353 793 4416 maur:
829 4357 864 4424 Q.
888 4355 997 4411 arronii
1022 4355 1136 4411 l’rrliuni
1162 4357 1317 4414 oartimmm
1346 4357 1486 4413 Ciceronis

321 4442 443 4516 qrriuque
460 4440 597 4498 errrtrratiu
617 4445 693 4498 mm.
1149 4457 1151 4464 ⁴
