3300 5128
225 814 292 894 init,
309 816 405 882 multe
422 824 455 880 et
471 818 630 894 praeclara
647 817 693 878 rei
711 819 763 878 ml·
817 815 1034 892 Carthaginem
1040 809 1351 883 deletamrlmuolut'er

6 884 10 950 s
102 955 125 968 ..
224 909 325 970 lituris
344 910 479 969 iocinore
492 907 616 979 iecerat,
635 909 673 967 ob
687 924 763 982 quoe
817 904 1278 967 uluosillosAlrleauostertium
1288 921 1348 964 ser·

226 997 624 1070 uictisCarthugiulensibus
633 1002 666 1056 et
674 1002 763 1072 cepto
816 1002 952 1056 retorem
971 994 1054 1055 urbis
1071 993 1188 1054 referri.

228 1087 366 1163 Syphace
384 1091 441 1146 ete
532 1139 537 1148 .

263 1175 332 1236 Cut
351 1175 394 1248 lii,
412 1177 443 1234 5:
464 1175 518 1234 seul
536 1175 653 1250 inperio
671 1192 764 1236 suere
853 1176 880 1248 7,
898 1173 1058 1234 2ruullum
1078 1219 1085 1232 .
1105 1218 1112 1233 .
1132 1217 1140 1233 .
1158 1171 1290 1247 gentium
1301 1189 1349 1231 ex·

228 1266 323 1326 multo
340 1271 431 1324 antee
448 1281 616 1340 perpessos·
818 1269 936 1340 pestem
954 1261 1116 1338 peregrine
1133 1261 1266 1338 imperis

263 1354 331 1428 lug.
352 1354 440 1429 13,1:
458 1354 571 1414 iniuste
583 1354 702 1429 inperia
714 1354 764 1414 do·

229 1445 373 1503 minorum
391 1460 450 1503 nou
468 1443 636 1519 perierunt.
761 1436 766 1447 '
1078 1451 1083 1458 ·

265 1531 333 1606 Iug.
346 1532 390 1606 32,
403 1534 434 1593 5:
458 1534 543 1607 eique
557 1533 660 1593 timido
679 1539 711 1594 et
729 1550 766 1593 ex
855 1533 882 1602 7,
900 1533 931 1592 4:
951 1529 1104 1604 llultoque
1125 1545 1158 1589 se
1175 1527 1305 1588 timidius
1316 1544 1352 1588 ee
1371 1555 1376 1563 ·

229 1622 412 1681 conscientie
425 1619 571 1682 diffidenti
590 1624 682 1683 rebus
695 1623 766 1682 suis.
821 1621 1007 1681 diffidentius
1040 1619 1123 1695 belia
1151 1617 1279 1678 Pontice
1309 1617 1352 1677 iu·

264 1709 332 1784 Iug.
351 1711 395 1785 96,
416 1713 445 1771 l:
463 1713 547 1771 rutlis
560 1717 655 1771 autes
673 1718 705 1771 et
723 1711 767 1785 ig·
821 1727 968 1785 gressum,
987 1727 1051 1770 eum
1070 1709 1135 1782 lpse
1152 1706 1237 1767 rudis
1249 1706 1352 1766 uetiro

229 1816 321 1860 marus
339 1799 419 1859 beili
487 1851 489 1854 .
821 1805 911 1859 esset

301 1887 488 1949 Sententiam
507 1895 607 1949 erutem
620 1895 755 1949 nostram
769 1895 802 1949 ut
815 1889 1029 1965 amplectamur
1042 1885 1191 1964 scrupulis
1204 1885 1352 1961 exemptis,

230 1977 357 2052 denique
380 1995 414 2038 eo
439 1979 624 2055 potissimum
647 1995 896 2052 commoveamur,
920 1980 999 2055 quod
1016 1977 1149 2052 Trogum
1172 1976 1272 2038 uerbis
1294 1974 1353 2048 qui·

229 2068 363 2138 busdam,
392 2085 468 2141 quiae
492 2067 632 2127 Sallustii
655 2067 797 2143 propriae
821 2074 892 2127 sunt
915 2067 1062 2139 dictionis,
1090 2082 1175 2126 usum
1193 2081 1259 2124 esse
1276 2062 1353 2122 lure·

231 2155 340 2221 ulmum
358 2154 445 2214 uelut
563 2207 567 2214 .

268 2242 336 2316 lug.
354 2243 398 2315 68,
419 2245 447 2303 1:
466 2243 561 2304 ultum
579 2245 625 2304 ire
643 2244 771 2306 iniurias
860 2245 887 2318 5,
908 2244 955 2304 10:
975 2244 1045 2318 quie
1063 2243 1156 2304 ultum
1175 2242 1247 2302 ierit
1263 2255 1303 2300 se

231 2331 365 2392 festinet
841 2367 843 2374 ι

297 2421 353 2480 Ex
371 2421 521 2495 frequenti
540 2423 620 2497 apud
640 2423 767 2482 eomieos
785 2439 841 2482 usu
860 2422 935 2482 haee
958 2423 1114 2482 uerborum
1138 2425 1247 2480 motum
1270 2417 1357 2492 sigui·

233 2507 385 2568 leontium
414 2524 478 2568 eum
505 2510 610 2584 supino
640 2516 796 2570 structure
823 2511 853 2569 iu
882 2509 1027 2570 orationis
1055 2508 1172 2569 solutae
1198 2521 1356 2567 sermonem

199 2653 201 2660 ,
234 2599 379 2656 urbanum
398 2597 529 2667 transiit.
556 2599 606 2658 ubi
623 2600 722 2674 prime
745 2598 866 2658 exhibet
888 2599 1024 2673 exemplu
1046 2595 1085 2657 li.
1104 2595 1226 2656 Portlus
1245 2591 1356 2664 (lew).

235 2682 330 2743 Cuius
350 2701 414 2743 oum
439 2685 654 2745 aemulatorem
682 2684 860 2747 Sallustium
887 2685 981 2746 fuisse
1008 2685 1089 2744 iuter
1116 2699 1216 2743 omnes
1244 2685 1358 2742 constet

235 2771 339 2844 itaque
358 2773 482 2847 vigeant
500 2773 579 2848 apud
598 2779 734 2832 nostrum
753 2774 862 2849 supino
878 2773 941 2847 illa,
961 2789 1037 2847 quoe
1061 2776 1199 2832 conatum
1221 2768 1358 2828 studium·

237 2876 294 2933 que
307 2859 356 2919 rei
369 2859 554 2920 voluntatem
573 2861 686 2935 aliquid
705 2861 834 2923 ieeiemli
854 2861 997 2934 iudicent,
1016 2865 1051 2920 ut
1067 2859 1190 2933 longum
1207 2857 1247 2918 sit
1266 2855 1359 2916 omnis

236 2964 412 3007 enumerare
432 2949 604 3024 exemplu'),
623 2957 656 3008 et
674 2949 760 3009 uerbi
778 2949 941 3010 ulciscendi
965 2948 1100 3024 supinum
1123 2962 1187 3006 eum
1213 2944 1274 3020 ,lre‘
1295 2959 1360 3003 eou-

237 3036 369 3096 iuuetmu
379 3037 493 3113 primus
506 3035 671 3099 Sallustius
685 3037 917 3113 usurpaverim),
935 3038 1005 3098 lulue
1017 3035 1151 3110 Pompeii
1163 3033 1259 3108 'Progl
1269 3032 1362 3092 lotum

238 3140 257 3182 a
275 3125 361 3183 uulsis
378 3125 476 3200 repeti
493 3141 552 3184 ιιοιι
571 3129 620 3185 est
637 3126 795 3186 amentiae.

309 3211 450 3272 AcoedIt:

275 3297 342 3374 Iug.
360 3299 405 3374 72,
430 3301 458 3360 1:
483 3301 573 3362 uliter
596 3307 688 3377 etque
714 3302 776 3361 euri·
865 3319 891 3361 o.
909 3303 936 3376 5,
954 3303 987 3363 5:
1011 3301 1081 3376 quin
1099 3299 1236 3361 eeerbius
1254 3298 1285 3358 m
1301 3296 1363 3357 dies

239 3405 286 3447 mo
304 3390 440 3462 gerebat
830 3397 949 3465 gerent

294 3479 295 3482 ’
316 3476 450 3538 Verbum
478 3479 555 3539 euim
578 3479 705 3555 gerendi
729 3495 793 3539 oum
813 3480 957 3540 adverbio
979 3480 1111 3540 iunctum
1135 3478 1242 3538 omisso
1263 3491 1366 3551 prouo-

241 3564 329 3624 miuls
352 3563 487 3626 reflexivi
515 3568 689 3628 accusativo
714 3567 793 3643 upud
811 3569 957 3628 nemiuem
981 3567 1159 3643 scriptorum
1182 3571 1253 3625 aute
1271 3563 1366 3625 Sullu-

242 3654 332 3714 stium
350 3655 495 3728 repellas,
518 3656 568 3728 qui
586 3654 734 3717 uocabulo
752 3656 811 3716 isto
829 3656 943 3730 primus
962 3656 1155 3716 senteutiam:
1174 3669 1249 3725 esse.
1267 3669 1300 3714 se
1315 3667 1366 3726 re·

243 3758 321 3816 rere,
346 3743 409 3802 siolr
429 3743 600 3818 beneiumen‚
619 3744 683 3804 sioiu
702 3743 871 3817 verheitem
891 3743 1043 3826 austreten
1063 3743 1224 3804 subiecisse
1242 3742 1366 3803 ridetur.

244 3830 412 3892 Secumium
426 3831 509 3907 leges
522 3833 785 3906 grammaticorum
795 3831 969 3891 odrerbium
979 3832 1027 3892 lule
1037 3831 1145 3892 obieeti
1155 3831 1219 3890 rice
1228 3829 1369 3904 iungitur,

244 3935 320 3994 quae
339 3919 478 3994 loquendi
495 3921 678 3980 cousuetudo
696 3937 752 3997 per
771 3917 948 3980 Sallustium
968 3921 999 3980 lu
1017 3934 1101 3980 usum
1121 3923 1244 3994 recepte
1261 3925 1316 3994 est,
1332 3924 1369 3980 ut

318 4187 338 4258 ¹)
361 4187 437 4244 luter
463 4187 603 4251 historicos
626 4190 731 4245 ueteres
757 4187 841 4244 solum
860 4187 989 4244 cutonem
1018 4200 1130 4258 eumque
1159 4182 1199 4240 ire
1235 4183 1368 4268 entissime

247 4257 295 4312 ilie
313 4257 507 4342 constructione
521 4273 601 4342 ‘usum
621 4274 685 4342 esee·
703 4257 781 4314 (locet
798 4257 932 4314 (iustarum
951 4257 1101 4340 Brueuuert
1117 4253 1151 4310 ‹ie
1227 4253 1296 4310 ustio
1311 4252 1371 4309 uel·

247 4331 335 4383 tutore
353 4324 470 4394 cetone,
501 4327 632 4384 Sueuuse
650 4326 813 4400 litorumque
839 4329 960 4383 ueterum
986 4325 1172 4382 histoneorum
1198 4323 1372 4390 mmmm

248 4393 593 4548 terreremur&
619 4465 656 4524 ‹ie
673 4465 796 4524 Sallustii
814 4463 922 4522 dicentii
949 4480 1047 4538 genere
1066 4479 1160 4522 comm.
1188 4461 1278 4520 Berlin
1296 4461 1372 4530 1868,

248 4533 709 4746 3:1583331et023nhfflr20l0
727 4605 829 4680 Syrtes
847 4603 895 4664 der
918 4603 1012 4661 isteim
1038 4601 1153 4678 Sprseiue
1171 4600 1280 4674 Lupus
1296 4599 1385 4660 roto.-

1142 4757 1162 4822 4
