3308 5120
374 804 452 872 locis
475 803 556 872 nralc
579 803 741 882 convenit,
774 801 859 889 quod
884 802 1040 868 Gabinius
1070 801 1185 865 tacitus
1208 797 1301 865 rebus
1324 796 1470 878 iutereet;
1501 795 1543 864 ibi

375 914 458 980 enim
485 910 580 976 honre
608 909 893 999 importunissimus
922 919 984 988 est,
1014 907 1103 973 cuius
1129 907 1301 993 loquacitas
1329 905 1382 970 vix
1413 906 1546 970 iuterro-

373 1019 501 1106 gatione
531 1015 615 1106 apud
645 1024 787 1082 senatum
818 1014 981 1082 decrescit
1026 1015 1139 1102 Itaque
1169 1015 1236 1080 eius
1266 1011 1462 1077 taciturnitas
1484 1010 1545 1076 hoe

375 1125 446 1191 loco
469 1125 547 1190 mira
570 1132 628 1190 cet
666 1121 763 1188 Haud
783 1123 849 1188 scio
872 1145 911 1187 an
934 1121 1103 1187 Sallustius
1126 1120 1157 1186 in
1173 1118 1340 1186 scribendo
1355 1116 1546 1199 recordatus,

374 1231 481 1320 plures
509 1229 688 1296 alentrrlo
710 1228 749 1294 ad
774 1228 963 1316 Allobroges
986 1229 1099 1293 missos
1123 1249 1207 1307 csse,
1239 1249 1297 1314 per
1318 1248 1455 1291 errorem
1479 1223 1545 1292 Ga·

375 1337 451 1403 binii
476 1359 589 1403 nomen
613 1334 769 1424 posuerit3
792 1335 905 1402 Cicero
928 1333 1056 1422 quidem
1081 1335 1133 1400 ubi
1152 1333 1192 1400 (le
1211 1332 1436 1419 Allobrogibus
1458 1330 1545 1412 dicit,

375 1443 504 1510 Gabinii
528 1465 686 1530 nunquam
710 1444 898 1507 mentionem
923 1442 1009 1506 facit.
1096 1469 1099 1478 ,

481 1550 654 1637 Postquam
670 1548 851 1616 Umbrenus
875 1547 977 1614 Gallie
1001 1547 1247 1615 coniurationem
1271 1569 1394 1612 omnem
1422 1547 1546 1632 alteruit

375 1679 427 1723 cos
445 1658 609 1744 pollicitos
632 1677 763 1743 operum
787 1678 884 1721 sturm
908 1656 1045 1720 doraum
1067 1654 1223 1734 uitiauit,-
1253 1655 1298 1719 sic
1322 1653 1417 1718 refert
1442 1651 1545 1717 Sallu·

374 1765 464 1829 stius.
518 1761 584 1830 Sed
612 1761 699 1850 quod
728 1785 824 1849 supra
852 1771 931 1849 (cap.
958 1766 1009 1845 19)
1039 1783 1267 1842 censueramus,
1299 1783 1370 1824 cum
1400 1757 1441 1825 ad
1470 1781 1545 1824 cou-

375 1869 540 1936 iurundum
564 1869 690 1934 minime
707 1868 855 1934 idoneum
873 1869 981 1950 luisse,
1004 1871 1118 1934 itemm
1134 1867 1224 1934 nobis
1246 1867 1278 1932 in
1294 1876 1431 1933 mentem
1447 1866 1545 1946 venit,

375 1977 402 2041 si
432 1975 509 2042 lraec
539 1976 637 2042 rerba
665 1974 807 2063 legimus.
861 1975 944 2054 Quis
974 1977 1057 2040 cuim
1088 1973 1266 2055 crediderit,
1297 1974 1465 2054 hominem,
1493 1974 1542 2036 cui

376 2082 531 2148 Lentulus
555 2083 605 2148 vir
626 2083 825 2148 cautissimus
849 2081 994 2147 fiduciam
1017 2081 1176 2163 habuerit,
1198 2091 1261 2147 tam
1277 2080 1391 2146 leviter
1414 2079 1545 2146 consilia

374 2189 598 2256 coniurationis
621 2189 807 2270 effutivisse,
829 2211 900 2254 cunr
924 2187 1010 2254 nullo
1026 2186 1121 2255 modo
1136 2197 1239 2253 certus
1255 2198 1349 2269 esset,
1369 2185 1560 2253 illoslidem'

374 2305 589 2385 praestaturos
610 2317 690 2363 esse.

482 2408 535 2471 41.
588 2403 663 2469 Non
692 2403 747 2470 diu
779 2403 967 2490 Allobroges
1004 2402 1176 2483 lraesitaut3
1214 2411 1333 2467 eertum
1373 2401 1546 2490 praemium

375 2520 518 2598 speratae
541 2510 633 2576 saluti
652 2521 861 2598 anteponunt:
894 2509 995 2576 Fabio
1018 2508 1141 2597 Sangae
1164 2531 1287 2575 omnem
1311 2531 1375 2574 rem
1392 2509 1546 2595 aperiunt.
1607 2523 1612 2530 '

375 2617 487 2705 Neque
503 2639 590 2700 vcro,
612 2627 648 2683 ut
669 2618 713 2684 ait
729 2617 906 2697 Sallustius,
930 2619 1062 2683 landem
1080 2618 1156 2684 rici!
1174 2617 1311 2702 fortuna
1327 2615 1543 2704 reipublicae,-

375 2723 472 2790 libere
494 2721 697 2814 profiteamur
719 2726 780 2790 ianr
802 2724 862 2790 boe
884 2716 968 2805 loco,
988 2724 1174 2790 Ciceronem
1198 2724 1229 2788 iu
1252 2733 1361 2789 nostro
1384 2723 1463 2789 libro
1482 2745 1545 2787 nen

375 2853 500 2920 semper
529 2853 628 2919 acque
656 2841 822 2898 tractatum
851 2853 931 2898 csse.
982 2830 1058 2918 Ipse
1088 2829 1255 2898 Sallustius
1285 2830 1403 2896 crebris
1431 2829 1546 2916 repeti·

374 2937 514 3004 tionibus
537 2938 700 3005 Ciceronis
723 2939 861 3005 laborem
885 2939 980 3004 ctiam
1009 2938 1099 3004 aurit
1126 2961 1224 3026 caque
1251 2959 1284 3004 rc
1308 2936 1545 3017 demonstravit,

375 3045 536 3132 prouisum
564 3044 674 3126 fuisse,
703 3067 741 3111 ne
766 3045 943 3133 respublica
964 3044 1107 3128 caderem
1136 3045 1252 3111 imstra
1279 3045 1432 3110 coniurati
1460 3065 1546 3110 amre

375 3154 496 3240 rapturi
512 3161 610 3234 erant,
633 3175 704 3218 curn
719 3152 833 3218 civitas
849 3163 995 3240 prompta
1010 3163 1041 3218 ct
1057 3161 1165 3240 pumta
1184 3162 1276 3228 essct.
1314 3151 1408 3218 Licet
1430 3149 1546 3216 iudicio

375 3257 540 3326 Gallomm
563 3259 736 3324 coniuratio
765 3259 891 3347 penitus
914 3260 1040 3325 detecta
1062 3262 1114 3341 sit,
1142 3269 1275 3326 creatas
1305 3281 1412 3325 comm
1440 3257 1547 3347 prudi-

375 3365 461 3432 tione
490 3388 554 3431 nnn
584 3375 722 3431 mutatus
752 3376 810 3432 est.
855 3366 929 3432 Nou
959 3367 1101 3447 tortirac,
1130 3365 1186 3434 scd
1217 3366 1380 3453 vigilantia
1408 3365 1546 3432 consulis

376 3471 450 3538 urbs
474 3482 599 3538 seruata
619 3483 678 3554 est,
704 3474 758 3560 qui
785 3475 908 3539 etiarnsi
931 3474 1237 3540 inconstantissimos
1257 3473 1289 3538 in
1312 3474 1426 3540 ceteris
1440 3473 1547 3554 iurent,

376 3579 408 3643 in
435 3577 495 3645 bac
525 3602 559 3646 re
586 3579 701 3646 fortem
724 3603 760 3646 se
783 3580 950 3668 praestitit.
995 3583 1210 3668 Quaecunque
1239 3581 1323 3647 enim
1353 3591 1427 3669 post
1453 3579 1486 3648 S
1509 3579 1547 3647 C.

377 3685 520 3751 ultimum
550 3686 590 3753 ab
617 3709 656 3753 eo
674 3697 833 3776 suscepta
862 3698 945 3768 sunt,
977 3688 1039 3753 iam
1069 3707 1142 3753 non*
1161 3688 1247 3755 urbis
1276 3687 1460 3770 seruandae,
1489 3686 1547 3754 scd

375 3793 600 3860 coniurationis
634 3793 870 3860 convincendae
902 3817 998 3860 causa
1027 3795 1111 3860 factu
1146 3805 1227 3861 stant.
1279 3795 1448 3861 Sallustius
1478 3797 1547 3884 ipsc

376 3899 470 3985 prarrlo
493 3910 567 3989 post
589 3901 725 3990 scripsit,
754 3900 940 3970 Ciceronem
962 3901 1076 3989 legatis
1099 3903 1306 3991 praecepisse,
1337 3909 1374 3968 al
1396 3904 1547 3970 studitam

375 4007 617 4073 coniectationis
650 4009 849 4075 rebcarrntrr
877 4011 1045 4094 sinmleal,
1075 4011 1215 4096 daretque
1243 4031 1387 4097 operam,
1414 4004 1467 4077 ‘ut
1495 4033 1548 4078 eor

376 4135 476 4200 paam
505 4116 650 4180 maxime
679 4116 871 4201 aratrisrstos
901 4113 1067 4184 lrubcnut‘.
1122 4117 1226 4184 Etimn
1256 4115 1352 4184 hodie
1380 4127 1464 4200 sunt,
1492 4119 1547 4207 qui

377 4229 497 4308 putent,
519 4219 644 4286 fortuna
660 4222 768 4288 urbem
784 4234 940 4291 serratam
957 4247 1037 4304 esse,
1060 4225 1120 4291 etsi
1141 4234 1268 4290 senatus
1291 4233 1325 4290 ct
1346 4226 1548 4314 magistratus

376 4349 485 4393 onmes
508 4327 608 4393 multo
631 4339 703 4395 ante
727 4329 878 4396 indicium
902 4331 1110 4418 Allobrogum
1134 4355 1202 4399 erran
1225 4333 1433 4416 nurnircrant,
1456 4333 1547 4402 cuius

376 4435 491 4500 erroris
514 4444 624 4501 arrrtor
641 4445 692 4502 cst
715 4435 892 4504 Sallustius.
