3274 5032
678 533 887 600 -te-·

119 690 329 776 negligentia,
343 711 439 779 quern
455 693 521 757 iam
533 688 665 775 saepius
677 687 871 770 notavimus,
888 687 991 770 docet,
1006 679 1168 771 quomodo
1179 685 1247 754 lieri
1259 686 1414 772 potuerit,

118 795 232 862 utillo
254 800 373 879 errato,
408 797 558 883 quumvis
581 815 686 883 pauco
707 799 804 880 utque
826 794 947 878 exigue
979 792 1057 876 sint,
1091 789 1320 858 committeret
1362 784 1415 854 De

121 899 241 984 quibus
265 898 380 966 rideas
403 897 589 967 Dibisnrnn
614 899 746 965 dissert.
780 897 827 986 (p.
860 896 1016 984 40-42).
1067 895 1179 988 ltaque
1211 913 1305 964 nemo
1337 893 1416 976 erit,

118 999 173 1087 qui
199 999 339 1084 dubitet,
361 1003 441 1087 quin
465 1001 607 1087 scriptor
630 1004 741 1068 noster
756 999 808 1067 bis
824 999 990 1088 capitibus
1005 1019 1027 1066 a
1040 1000 1178 1068 veritate
1194 1018 1260 1065 non
1275 995 1431 1079 aberret,

119 1101 250 1170 scilicet
272 1102 359 1190 quod
397 1102 437 1170 ad
473 1121 636 1170 summam
671 1123 778 1170 rerum
813 1101 968 1189 pertinet.
1023 1099 1204 1184 Postremo,
1236 1104 1416 1186 antequem

102 1203 163 1296 ud
186 1207 286 1290 ceput
306 1204 360 1270 48.
385 1204 564 1285 veniemus,
584 1203 676 1271 Doti
699 1203 894 1272 'refutandus
910 1209 970 1298 est,
985 1205 1042 1292 qui
1058 1205 1250 1293 scriptorem
1267 1207 1416 1270 nostrum

119 1306 204 1374 iolso
227 1305 441 1394 vituperavit
470 1305 569 1393 quod,
592 1324 666 1392 quse
690 1305 730 1374 de
752 1305 964 1394 haruspicum
987 1307 1155 1394 responsis
1178 1305 1290 1376 Cicero
1311 1303 1434 1378 trudit¹

120 1408 247 1494 (center
269 1407 304 1476 in
325 1407 395 1476 Cat.
418 1406 473 1488 ΙΙΙ,
495 1410 526 1474 9.
552 1410 616 1485 19.;
645 1406 702 1486 lv,
736 1408 796 1493 2.),
829 1409 885 1476 ille
916 1411 1135 1494 coniungeret
1163 1430 1245 1490 ‚cum
1282 1405 1416 1476 Lentuli

121 1512 367 1579 iactationibus.
412 1511 575 1598 Equidem
610 1512 756 1599 putarim
790 1511 982 1580 Sallustium
1020 1519 1109 1581 recte
1133 1531 1299 1596 narrasse,
1333 1528 1411 1579 nom
1459 1572 1466 1584 .

121 1613 310 1697 intelligere
335 1633 402 1680 non
425 1633 568 1700 possum,
592 1633 659 1700 qua
680 1635 717 1683 re
740 1616 841 1684 nixus
863 1617 899 1684 id
923 1615 1011 1684 Ddbi
1035 1621 1126 1684 recte
1148 1615 1370 1684 contenderit

207 1715 366 1782 Nuntium
390 1714 431 1781 de
445 1715 522 1781 vitea
538 1715 652 1802 plebei
669 1717 864 1784 condicione
880 1719 1078 1804 scriptorem
1095 1719 1207 1806 potius
1222 1738 1242 1787 e
1257 1715 1419 1784 memoria

122 1840 183 1886 soa
220 1818 273 1887 uel
307 1837 325 1884 e
360 1817 539 1885 traditione
573 1839 673 1906 quam
697 1838 715 1885 e
738 1818 897 1887 Cicerone
920 1821 972 1906 (in
993 1819 1064 1887 Cat.
1087 1819 1219 1904 lV,-ll;
1241 1839 1303 1908 pro
1324 1817 1420 1886 Sulis

122 1920 232 2008 532),
265 1929 303 1988 ot
325 1907 410 1989 Dubi
433 1921 536 1987 sumit
556 1920 653 2003 (diss.
676 1940 709 2009 p.
731 1921 789 2002 42)
824 1921 987 2008 irrisisse,
1025 1922 1259 1991 existimarim.
1302 1919 1340 1989 C.
1362 1920 1419 2004 48,

125 2066 191 2108 Η.
214 2025 255 2092 de
275 2025 447 2111 Tarquinii
484 2023 609 2091 indicio
647 2025 813 2110 egendum
850 2031 912 2092 esc
972 2026 1043 2095 lloe
1080 2028 1190 2116 cupite
1223 2025 1419 2094 Sallustium

123 2127 253 2196 tubulas
275 2127 437 2216 publices,
458 2128 494 2194 id
518 2134 580 2209 eet,
603 2114 741 2195 spiratus
764 2133 839 2195 ecta
867 2129 1065 2218 inspexisse,
1100 2127 1184 2197 mibi
1210 2125 1295 2196 baec
1315 2125 1422 2194 verbs

125 2231 281 2298 videntur
296 2229 415 2298 docere
426 2221 469 2316 (5
486 2228 533 2316 6.)
557 2229 748 2318 ,Tarquinii
764 2231 925 2298 indicium
940 2231 1064 2298 falsum
1078 2231 1188 2299 videri
1203 2229 1288 2299 etc“.
1320 2227 1420 2298 Haud

124 2335 193 2402 scio
217 2353 260 2401 sn
281 2333 531 2402 buc'trslrends
553 2333 623 2401 siut
643 2334 756 2416 verbe,
785 2339 858 2422 qum
881 2335 917 2419 (S
936 2336 984 2420 4.)
1009 2334 1230 2424 Tarquinium
1257 2335 1293 2402 in
1325 2332 1423 2401 curis

126 2436 269 2530 scriptor
289 2436 467 2503 facientem
491 2437 597 2521 lingit.
641 2435 756 2506 Cetera
777 2437 812 2505 in
834 2437 895 2506 boc
911 2439 1022 2526 cupite
1038 2439 1152 2526 posits
1165 2459 1207 2506 ex
1224 2435 1420 2526 aequalibus

126 2536 366 2606 coniurationis
389 2545 522 2627 sumpta
554 2558 628 2607 esso
665 2545 792 2626 putem,
830 2542 931 2610 nixus
965 2543 1006 2622 §S
1040 2544 1146 2626 t-e,
1181 2540 1239 2610 ubi
1276 2537 1422 2628 scriptor

127 2639 316 2728 aequalium
337 2659 508 2708 sermones
537 2650 773 2711 commemorat
806 2631 840 2712 et
877 2644 912 2730 (9
946 2644 993 2729 3.)
1030 2629 1141 2713 verbis
1180 2663 1297 2730 ,quem
1333 2639 1422 2739 (soil,

126 2741 356 2831 Tarquinium)
380 2741 642 2829 proticiscentem
665 2765 707 2812 ex
729 2745 850 2814 itinere
879 2753 1060 2816 retractum
1086 2745 1253 2815 aiebaut“.
1298 2743 1424 2826 Verbu,¹

126 2865 198 2933 quse
220 2846 240 2926 S
261 2848 291 2913 b.
315 2847 538 2926 continentur,
560 2867 601 2914 ex
617 2855 754 2917 senatus
769 2849 854 2917 uotis
869 2849 990 2918 hausto
1005 2870 1081 2918 esse
1105 2870 1174 2918 non
1197 2863 1420 2938 poscensque

127 2948 368 3030 exCicerone,
394 2985 430 2998 -
454 2948 520 3014 nisi
554 2948 629 3037 quis
663 2950 747 3019 lorte
779 2952 908 3038 cogitet
942 2952 982 3021 de
1017 2953 1088 3021 eius
1110 2951 1196 3021 libro
1224 2956 1353 3020 secreto
1377 2983 1419 3000 -

130 3052 226 3120 nobis
249 3060 301 3119 est
322 3051 583 3120 concedendum.
629 3051 744 3142 ltsque
767 3076 834 3123 non
857 3076 1050 3138 cercenna
1074 3057 1148 3147 quis
1170 3055 1253 3123 vitio
1268 3049 1423 3121 detmibi

128 3157 282 3236 sumenti,
304 3154 386 3222 baec
408 3176 448 3224 es
474 3156 664 3243 aequalium
688 3158 932 3227 coniurationis
955 3159 1165 3228 sermonibus
1188 3155 1422 3240 esseheusts.

216 3257 312 3325 Unde
335 3257 368 3325 S.
392 3259 545 3326 nuntium
569 3260 610 3326 de
633 3258 670 3339 Q.
693 3259 806 3328 Catuli
828 3266 862 3328 et
883 3258 918 3328 C.
942 3259 1074 3328 Pisonis
1108 3261 1144 3329 in
1176 3259 1213 3329 C.
1245 3257 1423 3327 Caesarem

130 3359 420 3428 criminationibus
442 3363 484 3447 (c.
507 3363 565 3444 49)
589 3363 804 3450 compererit,
844 3362 966 3430 deinde
990 3362 1088 3431 nobis
1113 3369 1164 3431 est
1183 3359 1422 3452 quaerendum.
1496 3443 1500 3451 Ι

129 3461 209 3530 Cum
244 3464 331 3531 enim
364 3465 518 3547 sciamus,
565 3465 758 3534 Ciceronem
792 3466 828 3532 in
860 3466 1097 3533 commentario
1130 3463 1220 3552 (περὶ
1251 3459 1423 3541 ὑπατείας)

132 3567 171 3634 de
193 3565 346 3634 Coesoris
380 3567 529 3654 periculo
553 3585 620 3632 non
644 3565 780 3650 dixisse,
802 3584 908 3652 neque
929 3564 1114 3652 quidquam
1135 3563 1172 3631 in
1194 3563 1237 3631 iis
1252 3561 1422 3631 Ciceronis

132 3669 275 3757 scriptis,
298 3690 371 3757 quae
394 3669 489 3737 nobis
511 3673 590 3734 sunt
611 3673 754 3749 seruate,
789 3667 830 3735 de
851 3687 893 3734 eo
914 3688 950 3736 re
973 3667 1177 3750 invenietur,
1210 3665 1321 3733 iacere
1355 3683 1423 3732 non

133 3790 318 3858 possumus,
341 3772 421 3859 quin
445 3776 611 3858 putemus,
647 3771 844 3858 scriptorem
878 3776 1029 3838 nostrum
1068 3768 1123 3839 bio
1160 3768 1322 3838 Cicerone
1356 3786 1424 3835 nou

133 3893 227 3941 usum
251 3895 322 3942 esse
346 3873 475 3958 (confer
497 3871 584 3940 Plut.
608 3871 676 3940 vit.
706 3871 798 3942 Caes.
832 3893 860 3940 c.
896 3872 953 3959 8.).
1011 3871 1187 3941 Praetereo
1219 3890 1318 3940 nemo
1351 3869 1423 3952 erit,

134 3977 189 4060 qui
205 3976 393 4058 contendet,
409 3977 493 4044 banc
509 3975 704 4044 relationem
719 3977 915 4046 auctoritate
929 3981 1066 4044 sanstus
1082 3981 1228 4044 sotorum
1244 3973 1420 4042 contineri.

135 4074 275 4143 Omnino
298 4077 484 4160 negandum
507 4095 574 4142 non
597 4083 650 4152 est
672 4075 865 4144 Sallustium
890 4075 1017 4144 nullius
1040 4075 1213 4165 scriptoris
1236 4069 1424 4145 'auctorite-

135 4181 201 4244 tem
225 4185 370 4246 secutum
395 4173 465 4246 e'sse
489 4185 627 4267 propter
649 4179 760 4260 uerbo,
783 4199 857 4266 quae
879 4178 922 4246 ud
946 4185 1076 4266 tempus
1092 4177 1256 4247 incertum
1272 4183 1426 4267 spectant
1555 4181 1556 4208 Ι

139 4277 214 4360 „Set
238 4280 363 4348 eisdem
375 4281 613 4370 temporibus“.
650 4279 765 4369 ltaque
777 4280 958 4349 uerisimile
974 4285 1034 4375 est,
1049 4279 1243 4366 aequalium
1257 4299 1425 4350 sermones

136 4383 291 4471 scriptori
313 4384 436 4452 iontem
458 4379 574 4452 inisse.
618 4383 749 4452 Sedulo
783 4383 922 4450 reritute
956 4382 1028 4449 eins
1060 4383 1171 4450 nuntii
1206 4381 1425 4452 dubitandum

138 4502 204 4550 non
225 4485 289 4554 erit
309 4485 397 4571 ideo,
417 4488 507 4577 quod
530 4487 590 4555 elii
612 4487 795 4575 scriptores
818 4483 907 4552 idem
930 4484 1079 4552 referunt
1101 4483 1424 4571 (contorserunt.
1532 4470 1538 4484 ⁴

137 4581 168 4651 J.
190 4605 219 4654 c.
245 4591 295 4656 ΙΙ.
319 4595 354 4656 et
376 4588 462 4657 Plut
483 4590 519 4656 in
542 4587 610 4658 Vit
632 4588 727 4658 Ceos.
750 4606 778 4656 c.
801 4587 850 4672 8.)
1346 4673 1351 4694 Ι

222 4687 301 4780 Cep.
322 4692 375 4760 50.
399 4689 606 4775 Sallustius,
621 4711 697 4761 cum
714 4709 787 4780 cap.
802 4691 854 4758 49.
872 4689 1110 4776 digressionem
1126 4689 1254 4776 iecerit,
1268 4688 1313 4757 ed
1327 4707 1356 4788 e.
1370 4688 1424 4758 48.

1287 4823 1323 4884 S·
