3274 5032
58 713 63 722 ,
141 653 343 745 Quamquam
367 655 481 747 paucis
511 654 596 724 hanc
626 664 770 741 enarrat,
805 659 919 723 tamen
948 656 1076 745 aliquid
1105 658 1183 728 nori
1214 657 1349 746 profert,
1383 655 1438 726 his

143 757 257 827 verbis
279 781 368 830 usus:
400 765 528 846 ,motus
549 760 648 828 etiam
671 760 706 827 in
729 759 876 846 Pelignis
892 765 985 828 ortus
1000 779 1021 827 a
1035 758 1199 830 Marcellis
1214 766 1309 849 patre
1325 764 1360 827 et
1372 757 1439 827 tilio

93 867 94 872 ’
143 878 204 947 per
225 862 264 929 L.
287 862 435 933 Vettium
457 862 617 952 proditus,
641 862 807 952 patefacta
827 861 980 931 Catilina
994 865 1234 948 coniumtione,
1256 863 1350 950 quasi
1365 883 1438 932 sna·

145 968 214 1036 cisa
236 967 361 1052 radice,
384 987 589 1057 compressus
612 972 664 1034 est
686 972 720 1034 et
742 967 783 1035 de
804 960 943 1054 utroque
966 987 1026 1056 per
1047 966 1205 1037 Bibulum
1227 966 1263 1033 iu
1286 964 1439 1050 Pelignis,

146 1091 204 1158 per
224 1069 413 1141 Ciceronem
436 1070 472 1138 in
496 1068 635 1138 Bruttiis
658 1069 863 1139 vindicatum
886 1068 968 1137 cst.“
1015 1068 1066 1138 De
1098 1068 1242 1138 motibus
1275 1063 1312 1136 in‘
1343 1066 1439 1135 terris

147 1169 251 1239 italia
273 1176 413 1245 diversis
435 1194 494 1263 per
516 1173 702 1242 coniuratos
723 1173 822 1242 iactis
843 1171 978 1240 Cassius
1000 1170 1065 1239 Dio
1087 1172 1140 1256 31,
1153 1174 1207 1239 41.
1230 1192 1303 1240 cum
1325 1167 1440 1238 Oresio
1478 1202 1483 1210 ·
1533 1215 1538 1220 -

144 1279 315 1362 consentit,
340 1281 418 1347 itam
442 1278 484 1344 (16
508 1275 610 1346 Vettii
625 1276 780 1360 indiciis,
803 1277 957 1365 quamuis
979 1275 1046 1344 Dio
1069 1276 1203 1345 brevius
1225 1275 1293 1361 (37,
1307 1273 1378 1358 41.)
1400 1273 1439 1342 de

145 1374 205 1446 hac
220 1400 255 1447 re
270 1382 428 1456 disserat3
443 1399 508 1467 qua
519 1398 561 1447 ex
584 1401 619 1448 re
635 1378 847 1464 intelligitur,
862 1378 1016 1447 Orosium
1031 1399 1170 1468 quoque,
1184 1398 1271 1461 cum,
1287 1381 1441 1465 utsupra
1505 1371 1506 1376 ’

150 1479 199 1568 (p.
219 1481 276 1568 48)
299 1483 456 1566 diximus,
490 1482 668 1551 uerisimile
692 1484 747 1572 sit,
770 1481 923 1572 Dionem,
945 1482 1063 1571 quiin
1086 1501 1114 1550 c.
1137 1479 1278 1550 31-99.
1299 1499 1318 1548 e
1347 1479 1441 1548 Livio
1482 1571 1486 1580 .

145 1582 265 1668 hausit,
298 1586 333 1653 in
367 1585 532 1674 capitibus
555 1587 654 1655 ctiam
686 1585 902 1675 sequentibus
932 1605 951 1654 e
985 1586 1081 1655 Livio
1114 1583 1276 1667 hausisse,
1309 1582 1441 1651 Livium

146 1692 291 1756 secutum
313 1711 393 1759 csse.
436 1687 550 1776 ltaque
573 1711 638 1758 non
661 1688 829 1772 habemus,
852 1708 911 1758 cur
934 1690 975 1757 de
999 1690 1138 1767 ueritate
1161 1688 1258 1756 huius
1273 1685 1442 1756 relationis

147 1788 253 1857 Orosii
287 1779 482 1860 dubitemus'
496 1791 552 1879 (de
583 1793 690 1862 Oresti
724 1792 873 1861 fontibus
902 1793 1017 1861 conicr
1038 1790 1183 1877 Teuffel,
1205 1789 1243 1858 R
1266 1789 1303 1858 L.
1325 1789 1347 1870 ἓ
1366 1789 1442 1874 426,

147 1911 181 1977 p.
203 1893 276 1960 944.
300 1901 333 1964 et
352 1895 512 1980 suns..
534 1915 567 1983 p.
586 1896 692 1983 94...6)
735 1896 792 1964 Ad
813 1895 946 1964 Liviam
967 1911 1129 1983 quoque
1119 1895 1154 1963 id
1188 1897 1325 1984 spectat,
1355 1893 1443 1983 qaod

149 1992 281 2064 orosms
304 1998 436 2067 Livium
458 1989 593 2067 imitans
615 1991 712 2068 titulo
736 1995 915 2085 „breviarii
937 1997 980 2066 ab
1004 1995 1086 2068 urbo
1108 1993 1263 2067 condiat
1285 1997 1390 2064 utitur
1411 2001 1445 2066 et
1533 2069 1535 2074 ,

149 2097 235 2182 qnod
270 2099 457 2172 Ciceronem
492 2102 625 2202 quidem
661 2118 721 2171 ao
734 2100 928 2170 Sallustium
964 2091 1023 2185 Vl,
1046 2101 1077 2170 6.
1093 2101 1191 2230 citat,¹
1213 2101 1270 2170 sed
1294 2097 1380 2167 nihil
1400 2118 1443 2168 ex

149 2204 283 2288 utroque
304 2205 460 2292 scriptore
481 2203 603 2274 hausit
816 2223 822 2231 ·
972 2217 978 2230 “
1269 2237 1271 2244 ι

235 2302 394 2384 Quoniam
417 2307 520 2394 igitur
541 2308 581 2377 de
603 2305 755 2377 omnibu's
791 2289 950 2376 fontibus
967 2307 1213 2377 coniurationis
1244 2303 1446 2374 6661166ιί6

151 2406 374 2495 disseruimus,
397 2410 546 2479 dicamus
568 2416 703 2500 oportet,
725 2411 845 2500 quibus
868 2412 1018 2480 tontibus
1040 2412 1186 2480 maxima
1207 2409 1275 2479 nisi
1297 2405 1446 2491 historici

152 2513 343 2583 recentiores
365 2515 601 2583 coniurationis
622 2513 826 2584 catilinaria
858 2514 1035 2584 historiam
1068 2534 1263 2602 componere
1296 2511 1446 2582 debeant
1561 2521 1563 2524 ’

152 2614 304 2683 Omnium
326 2617 452 2705 primus
474 2616 596 2701 Cicero,
618 2619 692 2687 iens
714 2618 912 2708 uberrimus,
935 2637 1077 2707 quocum
1099 2622 1223 2686 ceteros
1252 2618 1358 2686 fontes
1379 2636 1447 2685 non

151 2719 248 2786 modo
269 2720 544 2808 comparavimus,
566 2721 625 2790 sed
647 2723 745 2790 ctiam
768 2723 812 2790 ad
833 2741 932 2811 quern
966 2719 1043 2789 illos
1076 2721 1312 2807 inquisivimus
1348 2725 1446 2809 atque

127 2861 142 2906 s
150 2821 423 2906 examinavimus
444 2823 488 2891 ad
510 2822 681 2892 historiam
705 2825 925 2896 enarrandam
946 2823 1098 2893 adhiberi
1121 2823 1227 2893 debet.
1261 2820 1446 2904 86666666

65 2989 66 2992 ,
149 2922 334 2992 Ciceronem
355 2925 505 2995 maxima
526 2927 692 2997 Plutarchi
709 2928 796 2996 ratio
808 2928 876 2997 erit
890 2925 1056 3012 habenda,
1078 2926 1195 2996 tertius
1211 2928 1342 2996 demum
1356 2923 1447 2995 locus
1580 2959 1584 2968 ·

151 3025 304 3095 Sallustio
325 3029 458 3098 concedi
481 3035 596 3118 potest.
640 3029 759 3102 Ceteri
775 3037 888 3118 autern
908 3031 1028 3116 166166,
1058 3031 1210 3120 quamvis
1237 3029 1275 3098 in
1306 3028 1447 3115 singulis

153 3129 249 3208 rebus
270 3131 337 3202 (66
357 3130 524 3266 quandam
545 3132 697 3221 habeant,
719 3110 909 3266 secundarii
931 3138 1013 3203 sunt
1034 3131 1241 3206 nominandi
