3308 5120
378 827 411 883 et
432 813 463 883 in
487 825 581 905 ponte
605 816 755 904 epistulas
779 815 955 881 abiecisset.
992 816 1177 903 'Consilium
1201 815 1328 882 lentuli
1352 822 1549 903 nequaquam

378 915 525 989 stolidum
549 931 624 1002 erat,
647 945 746 1010 neque
769 944 865 988 carisa
880 931 940 1001 est,
961 944 1018 987 cur
1033 923 1073 988 de
1089 923 1183 990 rebus
1207 923 1339 988 narratis
1359 922 1551 1004 dubitemus,

377 1031 557 1118 praesertim
588 1052 658 1094 eura
686 1028 799 1094 Cicero
832 1027 907 1110 (Ill.
936 1033 984 1109 ll,
1016 1029 1204 1096 Plutarchus
1237 1028 1362 1112 (Cicero
1394 1032 1460 1113 18),
1496 1029 1549 1095 alii

377 1135 461 1202 idem
484 1145 617 1202 narrent.
660 1135 836 1200 Pauculum
858 1132 986 1222 quidem
1010 1134 1041 1199 hi
1066 1158 1086 1200 a
1108 1135 1259 1202 Sallustio
1282 1133 1442 1216 differunt,
1464 1133 1550 1222 quod

378 1241 489 1308 Gallos
516 1265 640 1330 quoque
669 1251 793 1330 practer·
815 1240 968 1328 epistulas
991 1241 1031 1306 ad
1055 1243 1256 1328 magistratus
1279 1263 1355 1307 suos
1378 1241 1487 1307 literas
1509 1241 1550 1307 ad

379 1347 545 1416 Catilinam
562 1347 709 1414 habuisse
725 1347 844 1429 (licant,
866 1346 923 1412 sed
940 1346 1091 1413 Sallustio
1114 1347 1165 1414 laic
1190 1351 1288 1435 iringis
1312 1347 1389 1414 tides
1404 1347 1549 1414 habenda

378 1465 436 1536 est,
466 1477 559 1543 quma
589 1455 648 1542 ipsi
680 1452 836 1535 Ciceroni,
870 1476 972 1540 neque
1003 1455 1086 1520 cuim
1120 1465 1245 1544 praeter
1274 1477 1343 1520 earn
1372 1454 1551 1542 epistulam,
1603 1490 1607 1501 ·

377 1585 471 1650 qrmm
492 1561 660 1628 Sallustius
683 1561 850 1626 memoriae
874 1559 1024 1648 prodidit,
1054 1561 1114 1626 alia
1138 1585 1219 1649 opus
1243 1571 1318 1628 erat.
1368 1562 1452 1639 Quis
1473 1563 1550 1646 salu,

378 1691 417 1734 ec
439 1691 483 1753 eo,
513 1690 610 1754 auem
631 1668 676 1733 ad
705 1668 845 1750 terami,
875 1688 1053 1753 caperonem.
1104 1669 1171 1734 Fac
1198 1669 1325 1754 cogites,
1357 1669 1394 1733 iu
1422 1676 1550 1755 percerte

257 1857 261 1870 ι
377 1775 639 1858 celeriteratem,
663 1773 907 1841 elementiciis
931 1779 960 1838 te
986 1776 1095 1840 cirum
1120 1797 1196 1842 esee.
1247 1775 1445 1859 comanam,
1469 1776 1552 1861 qaid

379 1888 453 1948 triac
480 1883 622 1948 rationes
647 1883 832 1968 postulent:
863 1881 1032 1946 armiliam
1057 1888 1152 1967 petus
1182 1882 1224 1948 at»
1251 1881 1416 1962 omatibus,
1449 1883 1550 1948 etieru.

377 1989 418 2054 ab
442 1989 579 2075 infimis.
617 1987 706 2054 Haeo
729 1986 842 2052 scilicit
865 1987 1002 2074 epistula
1024 2011 1044 2053 a
1066 1987 1221 2054 Cicerone
1244 1988 1287 2071 (in
1311 1985 1382 2054 Cat.
1405 1987 1471 2054 111.
1497 1992 1550 2072 12)

377 2094 534 2184 discrepat
568 2103 661 2182 atquae
696 2116 733 2160 ea
767 2092 808 2159 de
845 2117 940 2159 carisa
976 2093 1065 2159 urrdti
1102 2117 1171 2160 cam
1204 2094 1316 2160 falsam
1350 2103 1551 2183 putaverunt

379 2201 490 2289 Neque
513 2224 589 2268 vero
615 2203 648 2265 in
675 2201 840 2266 sententiis
868 2200 932 2266 ulla
959 2201 1165 2288 repugnantia
1190 2209 1248 2283 est,
1276 2203 1362 2267 acsi
1386 2201 1549 2268 nobiseum

377 2319 567 2398 reputamus,
590 2308 776 2375 Ciceronem
798 2307 901 2394 ipsum
925 2309 1097 2389 crrmrisse,
1120 2317 1156 2373 ut
1169 2308 1264 2373 huius
1283 2308 1437 2396 epistulae
1455 2333 1550 2396 quam

379 2415 511 2502 piurima
540 2415 683 2504 exempla
716 2437 773 2503 per
808 2423 905 2481 totam
937 2414 1062 2480 Italiam
1097 2414 1374 2494 distribuerentur,
1411 2426 1552 2504 apparet,

378 2522 559 2588 Sallustium
582 2521 691 2588 fallere
715 2523 872 2586 aerariuem
894 2522 1046 2608 potuisse.
1093 2521 1201 2588 Facile
1224 2521 1398 2602 credemus,
1421 2523 1550 2589 Cicero-
1578 2531 1582 2540 '

329 2687 333 2694 ,
378 2651 449 2696 nem
471 2630 649 2696 memoriter
670 2626 837 2716 epistulam
860 2628 892 2692 in
909 2629 1052 2692 oratioue
1075 2651 1133 2694 sua
1155 2626 1342 2694 reddidisse.
1382 2627 1430 2694 Ea
1453 2630 1550 2696 inter·

377 2724 551 2823 pretatione
580 2735 682 2801 omnis
719 2733 930 2822 discrepantia
964 2743 1084 2800 retracta
1119 2744 1177 2801 est.
1227 2734 1380 2800 Nonnulli
1417 2757 1457 2801 ex
1494 2735 1551 2812 eis,

376 2843 431 2930 qai
453 2841 636 2908 Sallustium
659 2851 842 2929 sequamtur,
870 2839 1035 2908 Ciceronis
1058 2843 1242 2923 emtionem,
1271 2864 1351 2929 quae
1380 2851 1431 2908 est·
1457 2842 1550 2908 tertia

378 2950 409 3013 in
441 2946 627 3030 Catilinam,
657 2947 716 3014 hae
746 2947 787 3012 tle
820 2970 916 3013 causa
948 2950 1088 3036 spuriam
1120 2955 1190 3014 esse
1223 2957 1433 3029 censuerant,
1463 2949 1550 3036 quod

378 3077 585 3144 praepropere
608 3055 726 3120 iaettam
750 3053 890 3134 videtum
913 3077 985 3121 nam
1009 3054 1182 3121 fabricator
1204 3055 1355 3122 emtionis
1378 3065 1464 3122 certe
1487 3078 1550 3122 non

377 3164 479 3228 minus
502 3161 630 3228 Sallusti
654 3184 733 3250 opas
756 3160 816 3228 sibi
841 3160 1081 3249 adsumpsisset,
1110 3184 1203 3248 qrram
1229 3162 1284 3242 illi,
1312 3163 1372 3228 ie
1407 3164 1439 3227 in
1461 3161 1552 3228 adul·

377 3268 529 3335 teratione
551 3270 692 3335 cuiusvis
721 3268 918 3334 adverbum
946 3290 986 3334 ex
1010 3267 1152 3334 Sallustii
1178 3267 1260 3334 libro
1291 3269 1428 3357 epistula
1449 3279 1552 3336 trans·

377 3377 493 3464 scripto
514 3386 608 3442 esset.
651 3375 743 3441 Haec
766 3375 834 3463 ipsa
863 3376 960 3462 igitur
981 3374 1193 3464 discrepantia
1216 3399 1361 3462 arragnum
1385 3399 1551 3464 argumen-

377 3492 443 3548 tum
466 3481 607 3548 veritatis
631 3481 713 3547 illius
737 3482 889 3547 emtionis
913 3489 972 3548 est.

483 3588 625 3668 Quaerat
646 3589 812 3677 quispiam,
843 3610 900 3654 eur
931 3587 1014 3653 lmm
1042 3589 1240 3677 potissimum
1269 3589 1436 3678 epistulmn
1465 3613 1553 3658 recc-

379 3697 468 3782 perit,
497 3695 648 3782 neglectis
678 3696 791 3761 ceteris
820 3694 861 3761 ad
887 3693 1095 3782 Allobrogum
1125 3698 1335 3783 magistratus.
1381 3696 1552 3764 Sallustius

378 3803 446 3889 ipse
475 3824 513 3868 ex
543 3801 757 3868 adnleseentia
787 3799 968 3868 reeordatus
999 3825 1070 3868 esse
1102 3801 1244 3884 ridetur,
1272 3804 1354 3869 lrane
1384 3803 1551 3891 epistulam

378 3909 504 3974 maioris
526 3909 684 3974 niaraenti·
697 3907 808 3990 fuisse,
836 3931 939 3996 neque
962 3931 1039 3974 vero
1062 3930 1128 3975 maan
1151 3909 1230 3975 satis
1252 3912 1410 3998 cognitam
1433 3909 1553 3977 habuit.

378 4014 473 4083 Clara
503 4025 552 4082 est
585 4038 635 4082 res
667 4014 751 4104 apud
774 4015 978 4096 Ciceronem
1010 4015 1063 4082 laic
1094 4015 1221 4104 quaidem
1255 4017 1287 4082 ia
1320 4019 1463 4083 oratioue
1495 4041 1552 4084 sua

378 4120 452 4204 (ΠΙ.
469 4127 499 4205 Sl
515 4123 605 4188 initio
621 4121 758 4203 simulat,
780 4145 815 4188 se
837 4120 953 4188 deltae
972 4145 1098 4210 quoque
1121 4123 1257 4210 epistula
1272 4121 1420 4190 edoctum
1444 4125 1553 4205 faisse,

378 4251 441 4316 qao
470 4229 617 4296 araimem
648 4227 771 4295 laudem
802 4228 863 4294 sibi
894 4237 999 4316 paret;
1032 4252 1072 4296 ex
1102 4229 1202 4318 ipsius
1233 4240 1337 4296 autem
1373 4231 1553 4298 narratione

288 4393 303 4412 ,
379 4334 530 4417 rideams,
552 4358 623 4402 ctam
646 4358 710 4402 aon
732 4336 836 4401 miuus
859 4357 1047 4426 oppressum
1070 4335 1179 4416 titisse,
1206 4359 1301 4424 (luam
1324 4347 1459 4419 eeteros,
1481 4361 1551 4404 eum

380 4441 563 4510 l'ultamiua
579 4441 619 4508 ali
635 4440 771 4509 lentulo
794 4442 934 4508 imitatus
957 4441 1038 4508 lanam
1053 4442 1220 4531 epistulam
1237 4455 1404 4532 presisteret.
1439 4445 1552 4533 Nerpae
