3300 5128
169 858 373 932 Darstellnnp
399 856 462 918 sich
491 857 720 917 unszeicimeten
753 856 815 917 mrd
846 857 904 917 den
933 855 1120 918 Gssclrmsok
1148 855 1203 916 der
1229 853 1301 914 Zslt

169 946 379 1020 beiriedigten.
425 944 467 1005 So
495 945 666 1005 ersolreinen
694 945 779 1006 diese
807 944 915 1006 deen
947 943 1087 1018 augleielr
1120 943 1167 1004 uls
1198 942 1300 1002 wahre

171 1033 428 1108 Konstprodoote.
472 1033 631 1094 Teraiielins
654 1051 683 1110 p.
702 1035 768 1108 398,
786 1034 834 1107 4¹)
859 1034 903 1094 sio
925 1033 1084 1092 indicavit:
1111 1029 1300 1092 llrlundliolr

173 1122 239 1182 sind
259 1123 341 1181 disse
359 1121 464 1181 Redeo
484 1121 648 1196 uiolatum,
674 1139 730 1181 cur
748 1123 794 1182 its
817 1120 986 1193 concludat,
1009 1119 1156 1194 exposuit
1176 1117 1301 1178 uuam

154 1286 155 1289 Ἴ
172 1210 208 1271 G.
228 1211 264 1270 Ε.
283 1183 502 1281 Mueller-und:
520 1209 596 1270 Rom
612 1210 684 1269 laod
697 1209 816 1270 dormale
827 1210 928 1271 uielen
941 1207 1130 1269 Gesolrmaelr
1143 1179 1301 1267 un⁸lteden
1324 1230 1331 1241 ·

171 1299 231 1359 und
250 1345 257 1358 .
277 1345 285 1358 .
304 1345 311 1358 .
330 1315 397 1358 noan
416 1299 476 1371 gab
495 1315 587 1372 gerne
603 1298 730 1371 lluster,
758 1299 816 1359 wie
839 1300 884 1358 sie
906 1300 1014 1358 lrlttten
1037 1297 1134 1357 solleu
1156 1294 1304 1370 gelralton

172 1387 294 1445 werden
312 1392 344 1445 et
362 1385 550 1446 Dletsclrium
569 1388 598 1446 in
614 1393 717 1446 annot
737 1387 777 1446 ud
796 1386 872 1447 Sall
886 1385 978 1446 Cutil.
992 1385 1077 1456 (edit
1091 1383 1172 1455 min.)
1185 1400 1234 1458 pp.
1247 1383 1301 1444 240

172 1479 204 1533 et
226 1474 289 1534 293.
334 1475 519 1534 Aoomatius
546 1477 724 1535 sententiam
753 1475 836 1535 illurn
864 1475 1060 1550 comprobare
1087 1473 1126 1532 ab
1152 1472 1217 1533 lroo‘
1235 1471 1301 1532 loon
1422 1465 1426 1472 ’

172 1563 301 1622 alienum
319 1559 537 1634 mihi'videtor,
556 1571 687 1624 attamen
706 1581 773 1625 meo
786 1565 853 1624 iure
866 1563 1024 1640 astipulor.
1043 1562 1223 1637 praesertim
1235 1577 1301 1622 euru

171 1653 230 1713 iam
250 1670 286 1712 ex
304 1653 404 1713 indole
428 1655 594 1714 orationum
615 1655 748 1728 itemque
771 1653 809 1714 es
837 1653 974 1714 iormrnlis
1002 1654 1112 1731 iterum
1135 1651 1301 1725 iterumque
1374 1699 1389 1730 Ι

172 1739 323 1814 repetitis:
353 1743 519 1802 orationem
545 1741 666 1802 huiusce
695 1743 776 1802 modi
802 1743 921 1814 lrabuit3
949 1741 1074 1802 lmiusoe
1102 1740 1180 1800 modi
1207 1739 1303 1800 rerba

172 1828 291 1889 locutus
311 1837 371 1903 est;
394 1832 515 1903 lrabuit;
538 1831 593 1892 hoo
608 1833 695 1892 niodo
714 1834 835 1893 locatos
854 1838 915 1902 est;
939 1830 1086 1891 disseruit
1103 1835 1139 1890 ut
1155 1846 1209 1905 pro
1228 1842 1303 1888 vera

172 1916 352 1990 accipiamus
371 1920 513 1994 propensi
531 1920 622 1981 futuri
641 1921 735 1981 silaus
760 1927 793 1980 et
811 1919 989 1980 Sallustium
1012 1935 1049 1978 eo
1071 1918 1157 1978 modo
1181 1916 1303 1986 dixisse,

174 2021 231 2078 quo
244 2005 386 2079 cuiusque
399 2007 519 2080 lingerio
531 2010 653 2068 maxime
667 2009 710 2069 sit
723 2015 836 2084 aptum,
856 2024 958 2067 omnes
970 2023 1148 2080 persuasum
1160 1997 1302 2064 hubitant

172 2092 268 2152 lirulto
286 2093 383 2167 maglo
403 2095 583 2169 illustratur,
603 2097 683 2172 quod
702 2095 870 2156 Sallustius
893 2096 924 2154 in
948 2101 1101 2154 oratorum
1119 2093 1303 2154 Graecorum

172 2180 301 2240 studium
322 2182 550 2256 diligentissime
568 2185 739 2245 incumbens
759 2183 929 2243 sententias
948 2181 1086 2256 singulus
1098 2181 1137 2240 sb
1154 2179 1228 2254 ipsls
1240 2179 1302 2240 illls

173 2267 271 2326 dictas
290 2269 321 2328 iu
339 2287 410 2330 suas
430 2273 548 2346 excepit
565 2272 726 2344 orationes,
746 2272 785 2332 ad
804 2273 890 2331 surum
910 2277 1010 2329 alutem
1023 2268 1181 2330 arbitrium
1194 2267 1225 2328 iu
1244 2267 1303 2327 dls·
1416 2311 1423 2316 -

172 2355 321 2430 positione
346 2357 411 2417 sola
434 2360 500 2432 egit
523 2366 607 2434 utque
631 2359 752 2420 dicendi
776 2375 892 2432 genera
915 2374 1027 2431 eorum,
1055 2373 1129 2431 quos
1146 2356 1304 2430 loquentes

172 2441 299 2516 induxit,
327 2447 564 2519 proprietatibus
589 2447 758 2523 adaptavit.
806 2447 924 2521 Quibus
952 2447 989 2506 de
1018 2444 1303 2504 translationibuse

176 2529 373 2606 scriptoribus
393 2532 520 2596 Graecis
538 2537 632 2610 laetis,
652 2542 693 2597 ut
707 2535 908 2610 supersedeas
927 2549 1113 2608 comparare,
1132 2538 1163 2592 te
1181 2531 1303 2592 romltto
1343 2525 1346 2530 ’
1408 2529 1456 2588 ι’
1560 2599 1564 2612 ,

174 2621 212 2679 ad
231 2619 369 2694 Dolegae
391 2623 668 2698 dissertationem').
706 2625 746 2684 In
773 2623 913 2700 epistulis
932 2637 1048 2696 quoque
1066 2621 1154 2680 libris
1170 2619 1304 2694 insertis,

175 2708 253 2781 qnod
270 2709 482 2782 gravissiumm
501 2719 632 2788 apparet,
652 2712 811 2787 quominus
830 2713 909 2773 idem
936 2710 1048 2783 valeat,
1076 2707 1151 2768 uiuit
1178 2714 1227 2768 est
1252 2707 1304 2767 lm·

175 2797 342 2871 pedimeuto
367 2805 399 2858 et
420 2801 579 2877 praecipue
599 2803 630 2860 in
650 2819 689 2862 ea
708 2801 836 2875 quidun,
864 2817 953 2875 quam
971 2800 1098 2858 maxime
1117 2797 1155 2858 ud
1173 2813 1220 2856 me
1237 2812 1304 2871 per·
1395 2845 1399 2853 .

174 2884 271 2943 tinere
297 2892 380 2960 puto,
407 2889 438 2948 ia
457 2889 638 2950 llitlrridutis
667 2889 802 2963 epistula
831 2889 870 2948 ad
888 2887 1029 2947 Arsacen
1050 2903 1163 2960 regem.
1199 2883 1305 2958 Neque

175 2972 356 3032 adversatur
386 2975 457 3034 Dor.
481 2975 702 3050 declamatam),
731 2977 795 3050 qui:
829 2975 1005 3049 tieisinulge
1032 2973 1223 3046 Euthllllung
1250 2971 1306 3030 der-

173 3058 340 3119 rilmlsolren
369 3061 568 3124 Stoetskunst
596 3065 698 3123 incesse
727 3063 811 3124 videt
834 3078 931 3137 neque
950 3060 1137 3138 Hitzlglusll
1156 3059 1228 3121 milri
1246 3075 1306 3118 aon

175 3147 342 3207 assentitur
361 3151 561 3211 conclamans:
578 3143 750 3210 illelmus
770 3151 837 3210 dean
856 3149 1052 3211 llitlrridetes
1071 3150 1145 3212 oder
1160 3147 1307 3209 vlelrnehr

176 3235 242 3294 clem
261 3235 379 3295 Sallust
397 3238 444 3296 ein
456 3237 610 3312 Philologe
624 3239 700 3299 oder
712 3237 892 3300 Historller
910 3285 917 3300 .
938 3285 945 3300 .
964 3285 972 3299 .
993 3240 1081 3299 einen
1094 3237 1217 3298 solohen
1230 3233 1306 3296 Satn

178 3326 345 3384 autunum?
374 3325 493 3402 Optime
521 3328 576 3386 iem
594 3328 744 3403 patefecit
767 3328 890 3403 Dolega
912 3345 975 3388 reru
994 3326 1014 3388 l
1033 3327 1053 3386 l
1072 3345 1101 3402 p.
1119 3327 1164 3387 ts.
1201 3325 1307 3388 Ursini

175 3410 314 3486 reiiciens
333 3415 498 3487 opinionem
518 3416 666 3476 censentis
686 3433 724 3475 ex
743 3415 894 3476 simillimo
913 3417 994 3475 inter
1012 3412 1173 3490 epistulam
1186 3421 1219 3474 et
1231 3413 1305 3474 Oor·

178 3515 352 3572 oyreoorum
373 3504 452 3576 apud
472 3501 563 3561 Thon
578 3503 721 3564 ies-so
734 3505 901 3564 orationem
915 3507 1093 3576 argumento
1105 3501 1189 3562 illem
1202 3517 1239 3561 ex
1250 3502 1308 3562 hoe

177 3590 324 3663 scriptore
344 3589 462 3650 Graeco
481 3591 607 3665 pondere
625 3591 751 3652 uberius
770 3592 913 3666 ostendit,
938 3589 1117 3651 Sallustium
1140 3590 1199 3651 nlsl
1217 3605 1307 3664 argu.-

179 3677 362 3737 mentatione
390 3677 623 3753 Corcyraeorum
651 3695 713 3739 nou
740 3695 827 3740 nsum
858 3681 960 3739 eornm
990 3678 1156 3738 orationem
1186 3677 1308 3752 troium,

180 3765 313 3837 pressius
332 3766 416 3838 sequi
435 3767 466 3826 in
485 3766 652 3826 exornando
672 3783 810 3826 sermone
832 3766 978 3848 ionuulas
1002 3767 1229 3841 sententiasque
1247 3767 1308 3827 De·

178 3852 350 3930 mostlreuis.⁸
387 3853 466 3914 Utut
483 3870 555 3929 rura,
570 3871 627 3928 quo
641 3861 732 3929 pacto
745 3854 867 3926 liabent,
887 3855 1101 3928 intellegimus.
1119 3853 1176 3914 hoo
1187 3851 1308 3928 quidem

179 3947 293 4001 certum
311 3941 452 4002 indicium
470 3944 550 4002 terre
566 3943 680 4018 licebit,
710 3944 787 4018 quood
816 3944 847 4004 in
876 3951 983 4004 nostro
1006 3941 1138 4017 epistula
1160 3941 1309 4017 adurgu-

253 4188 273 4260 ι)
290 4191 324 4248 ci.
342 4189 427 4274 {only
445 4190 608 4274 lleslenepcl.
627 4191 667 4246 vl
688 4191 701 4246 l
715 4207 746 4274 p
765 4191 826 4249 701.

192 4327 198 4340 ,
250 4259 272 4329 ²)
289 4261 325 4316 ui.
337 4258 618 4318 historicen-irritamus
634 4259 794 4346 Eiolertuag
812 4278 844 4344 su
859 4258 986 4330 ndtlriger
999 4257 1144 4314 Kenntoiss
1161 4257 1216 4314 und
1234 4259 1310 4314 nita·

179 4326 276 4384 irenem
300 4328 455 4386 Gobrnuclre
478 4329 526 4387 der
547 4331 617 4386 nltcu
641 4330 736 4387 latero.
754 4329 952 4387 Sohnitsteilcr
978 4326 1099 4385 Drasdea
1120 4327 1187 4384 tuti
1208 4329 1260 4386 rol.
1281 4329 1309 4383 ll

180 4397 276 4592 {⁰¹:¹⁴5
286 4414 469 4592 Gffigfflo
487 4466 1016 4611 lariatffiffigrlnegdgadisiqfflrnosthenis
1039 4466 1204 4542 niissumque
1227 4463 1311 4540 serip-

256 4605 277 4674 ⁴)
294 4607 329 4662 ci.
347 4606 441 4660 lrislur.
459 4605 567 4662 Studien
583 4605 709 4663 flentur
746 4625 772 4663 n.
791 4555 881 4665 (doxa
900 4607 965 4680 1841
989 4609 1001 4662 1
1021 4624 1047 4679 p.
1064 4605 1125 4665 804.

255 4673 276 4744 ³)
293 4675 360 4729 llus.
378 4671 500 4730 meum.
517 4675 566 4732 rol.
581 4675 607 4732 X
625 4674 687 4744 pi
725 4715 733 4733 .
