3300 5128
173 791 259 864 quael
278 795 367 864 utque
386 804 481 863 graue
500 785 629 846 accessit
651 785 853 846 testlmouium
871 783 1004 859 Trogum
1028 801 1065 844 ex
1089 781 1190 858 Crispi
1208 781 1302 866 blata·

173 879 226 937 1¹¹8
245 878 481 1038 liiiiolijuisguiaestio
500 961 703 1022 Sallustiusue
723 961 788 1021 tans
806 962 906 1032 iuuerit,
934 977 999 1019 cum
1022 977 1081 1018 uon
1100 959 1303 1035 praedicetur,

173 1055 203 1113 iu
232 1069 377 1128 suspenso
406 1069 498 1126 prope
527 1057 596 1110 erut
622 1050 826 1124 relinquenda,
853 1049 911 1108 uisi
940 1049 1087 1108 corrsessio
1115 1047 1170 1108 llla
1189 1063 1303 1106 ornnem

173 1143 260 1201 uobis
280 1141 496 1200 dubitationem
515 1140 722 1215 praecidisset

247 1227 436 1288 Sententiam
454 1244 547 1287 aream
568 1228 594 1286 si
618 1228 684 1302 quis
712 1228 855 1287 concedet
874 1243 905 1268 —·
926 1232 959 1285 et
985 1243 1064 1285 nurtc
1091 1225 1204 1285 dobeut
1230 1240 1304 1284 serre

174 1333 274 1375 oruuues
302 1317 464 1376 concedere
482 1346 527 1383 -.
546 1315 576 1374 ld
601 1331 715 1390 quicque
734 1333 846 1374 meeum
869 1320 995 1386 statuet,
1018 1312 1205 1372 llitluidatis
1224 1311 1305 1386 apud
1403 1349 1407 1354 -

174 1404 307 1479 'l'rogum
327 1405 499 1477 orationem,
519 1403 596 1476 quod
615 1404 727 1464 attinet
738 1404 777 1462 ad
789 1420 839 1462 res
851 1403 1073 1474 grammaticas,
1093 1416 1158 1459 eum
1172 1401 1305 1460 eiusdem

174 1495 255 1567 apum
281 1493 458 1552 Sallustium
487 1490 618 1564 epistula
645 1508 704 1550 riou
726 1491 812 1550 uurodo
835 1490 1006 1562 cohaerere,
1035 1487 1089 1548 sed
1117 1488 1208 1548 etiam
1236 1505 1304 1548 cou-

103 1569 128 1606 ’·
177 1597 297 1654 gruere.
335 1568 492 1653 Obliuuam
511 1577 681 1653 Pompeium
695 1578 829 1652 Trogum
848 1576 1200 1651 ouationem,exposuisse
1218 1577 1304 1637 nobis

175 1669 294 1734 dicium,
322 1668 399 1741 quood
428 1667 582 1728 contiones
610 1668 742 1727 directas
766 1685 785 1725 a
804 1666 949 1725 Sallustio
978 1665 1062 1740 operi
1091 1681 1144 1724 suo
1172 1664 1305 1725 insertae

175 1755 322 1814 historiae
340 1755 456 1814 modum
480 1755 658 1814 excedentes
685 1771 743 1813 non
768 1754 991 1830 rupprobarerit.
1027 1752 1074 1812 At
1097 1752 1204 1826 oratio,
1228 1770 1305 1828 quite

174 1861 229 1918 per
259 1851 403 1917 quuattuor
431 1845 532 1918 capito
559 1863 617 1904 nou
644 1846 750 1904 breuia
777 1846 922 1920 decurrit,
952 1845 1035 1904 ultra
1061 1843 1179 1904 niodum
1207 1858 1305 1902 noune

176 1933 352 2006 egreditur?
372 1933 459 2007 Quod
478 1935 612 2008 exemplo
631 1931 817 1994 Sallustiana
836 1952 902 1994 esso
921 1935 1054 1994 elicitum
1073 1933 1144 2006 quid
1162 1930 1306 2004 estquod

179 2021 343 2092 negemus?
361 2019 469 2080 Adiice
489 2028 597 2090 uurutcm,
617 2022 693 2095 qum
713 2022 773 2093 ille,
791 2022 839 2080 cui
858 2023 1006 2096 obliquam
1025 2027 1121 2082 totam
1140 2019 1305 2079 orationem

180 2106 359 2182 corurpouere'
373 2107 496 2182 placuit,
520 2110 670 2168 iruruuemor
688 2109 746 2168 t'ult
769 2109 923 2183 propositi.
965 2109 1144 2169 Sententiae
1167 2107 1246 2166 cuim
1268 2107 1305 2166 de

175 2195 315 2256 Sallustii
333 2197 472 2270 Liviique
490 2197 607 2257 dicoudi
625 2213 736 2270 genere
759 2198 812 2256 illo
835 2214 873 2256 ue
894 2205 926 2257 te
951 2197 1067 2271 quddem
1091 2195 1236 2256 assentiri
1258 2200 1307 2256 est

175 2285 246 2344 ruibi
273 2302 457 2358 persuasum.
503 2285 612 2358 Itaque
645 2287 730 2359 quiesi
748 2287 900 2346 molestius
920 2285 1067 2345 orationis
1095 2285 1250 2359 obliquae,
1279 2282 1305 2342 sl

175 2373 295 2446 lougius
314 2374 495 2444 extenditur,
515 2375 616 2433 statim
636 2375 700 2450 ipse
713 2375 919 2435 demonstrare
932 2375 1016 2445 uelit,
1035 2373 1156 2450 saepius
1169 2377 1306 2448 coeptam

176 2463 426 2521 constructionem
452 2463 589 2536 neglegit
611 2464 794 2524 transeundo
818 2464 856 2523 ad
884 2465 1050 2524 orationem
1078 2463 1225 2523 directum
1251 2461 1306 2530 itu,

178 2558 210 2609 ut
229 2551 422 2610 imlicatirum
441 2569 496 2625 pro
516 2551 703 2612 coniunctiuo
722 2553 752 2611 iu
772 2552 996 2612 euuuimerutione
1009 2550 1190 2612 secundaria
1202 2553 1305 2624 ponat,

176 2654 385 2713 ruormmuquam
411 2639 500 2698 etiam
524 2656 682 2715 personam
705 2641 830 2715 primam
852 2658 908 2716 pro
931 2640 1026 2699 tertia
1048 2640 1192 2699 exhibeat
1215 2643 1306 2710 etque

153 2801 156 2806 ¹
177 2727 352 2801 pronomina
370 2729 484 2804 primae
504 2736 535 2788 et
554 2727 665 2788 tertiae
687 2746 835 2804 personae
857 2729 938 2790 iutm
962 2747 995 2790 se
1017 2727 1209 2806 peu·u1utet¹i.
1246 2726 1307 2802 Qut

178 2815 269 2874 aliter
288 2815 431 2892 Trogum,
451 2819 529 2894 quod
548 2820 586 2877 ab
611 2818 679 2878 aliis
697 2818 880 2892 postulabat,
903 2827 938 2879 nt
960 2819 1113 2880 orationes
1137 2816 1308 2877 scriberent

178 2903 324 2976 obliquas,
342 2905 373 2964 id
391 2906 487 2980 ipsum
505 2907 587 2966 iusta
605 2907 723 2966 rectione
741 2913 899 2981 praestare
917 2925 976 2966 nou
999 2907 1135 2982 potuisse
1158 2905 1244 2964 nobie
1262 2904 1306 2963 iu·

178 2992 379 3065 tellegeudum
399 3001 455 3068 est,
475 3013 562 3070 quiam
581 2995 619 3054 ad
633 2997 726 3054 uerba
738 2995 877 3055 Sallustii
890 2996 1009 3057 uiruium
1023 3013 1091 3056 sese
1104 2992 1306 3069 applicauisse

177 3081 322 3154 mudtique
346 3080 439 3141 tuisse
462 3083 590 3150 laboris.
618 3100 694 3157 queue
718 3081 748 3141 iu
768 3085 864 3144 auimo
884 3085 971 3157 quasi
989 3083 1143 3159 insculpta
1164 3081 1307 3150 habebut,

178 3186 279 3228 eormu
298 3171 468 3231 ureruoriam
488 3171 616 3232 tollere?

250 3255 317 3315 Iam
335 3275 407 3316 uero
427 3260 631 3332 qurruestiouem
649 3261 827 3331 institutam,
851 3277 918 3319 uum
943 3260 1050 3332 oratio,
1069 3277 1162 3334 ¹<purum
1186 3257 1308 3332 Trogus

178 3345 327 3419 praebuit,
346 3363 383 3404 ne
402 3346 497 3405 dicrum
517 3364 650 3422 prorsus,
673 3347 727 3408 scd
745 3349 889 3423 imprimis
913 3353 996 3407 certe
1014 3346 1154 3407 Sallustii
1178 3346 1308 3406 auctori·

180 3433 237 3491 tuti
257 3434 413 3506 debeatur,
433 3451 496 3493 cum
517 3452 552 3492 eu
575 3436 748 3510 peruenisse
768 3436 908 3508 arbitrer,
932 3443 967 3496 ut
991 3443 1107 3496 certum
1126 3433 1240 3507 aliquid
1259 3433 1308 3493 de·
1357 3489 1362 3498 .

181 3523 263 3581 ccrui
281 3523 424 3597 petiuerit,
443 3539 664 3596 persequamur,
690 3540 775 3598 quae,
795 3541 969 3598 qurauuquam
988 3530 1020 3583 et
1041 3523 1075 3584 iu
1099 3522 1202 3584 verbis
1225 3529 1258 3580 et
1280 3521 1310 3580 ln

114 3671 120 3682 ,
179 3611 269 3668 rebus
289 3625 400 3684 mrugna
417 3615 504 3668 extat
521 3609 600 3669 iuter
619 3608 750 3683 Trogum
770 3617 802 3670 et
821 3609 996 3671 Sallustium
1016 3610 1188 3683 similitudo,
1207 3615 1309 3668 tamen

179 3698 334 3771 quominus
359 3699 398 3757 ud
422 3697 598 3758 Sallustium
622 3699 687 3758 siue
709 3699 772 3759 ulle
793 3699 980 3780 dubitatione
1002 3698 1169 3758 reseremus
1196 3697 1309 3757 multae
1357 3738 1361 3744 -

179 3801 228 3843 res
249 3801 307 3844 uon
326 3794 386 3845 trum
407 3786 530 3845 obstant
548 3802 635 3858 qmuu
659 3787 866 3862 dehortantur,
894 3804 932 3847 ue
956 3793 1132 3861 captatores
1155 3802 1215 3852 nou
1239 3802 1307 3845 con·

179 3873 373 3947 iecturarum,
392 3873 444 3932 sed
462 3890 609 3946 nugarum
629 3891 695 3933 esse
714 3875 875 3934 uideamur.
917 3873 1019 3934 Nihilo
1041 3873 1137 3932 lirinus
1158 3872 1310 3932 allaturus

181 3975 244 4019 sum
263 3959 345 4020 locos
363 3959 418 4019 boe
438 3962 597 4021 sententiis
615 3962 774 4036 uerbisque
799 3979 944 4022 consonos
967 3967 1000 4020 et
1022 3965 1233 4036 congruentes,
1256 3961 1310 4020 du·

180 4049 281 4108 bit-aus
301 4064 338 4106 an
358 4048 397 4107 ad
415 4063 504 4108 uuum
523 4065 623 4108 onmes
643 4055 704 4108 tum
726 4050 804 4110 leuis
827 4050 889 4110 siut
911 4049 1059 4123 maurenti,
1088 4055 1124 4107 ut
1150 4063 1189 4107 ne
1212 4047 1308 4107 diuum

181 4136 247 4196 tleri
265 4154 323 4196 non
342 4137 485 4212 potuisse,
514 4154 587 4204 eruite
610 4137 772 4197 verisimile
797 4155 855 4197 non
879 4138 928 4211 sit,
957 4137 1027 4210 qulu
1050 4137 1137 4197 modo
1155 4137 1205 4198 lde
1223 4134 1310 4197 modo

180 4223 243 4284 illic
262 4222 382 4298 Trogus
402 4224 540 4284 Sallmtil
558 4225 690 4298 uestigia
707 4226 862 4300 presserit
1203 4242 1211 4252 ·

253 4311 301 4371 De
319 4312 376 4371 bac
394 4310 474 4371 luter
492 4327 544 4372 eos
562 4313 722 4372 concordie
737 4311 776 4374 cs.
792 4381 808 4400 .

255 4575 276 4650 ¹)
292 4575 337 4632 Sic
355 4573 504 4632 mitonem
522 4575 634 4633 Fischer
649 4575 669 4633 l.
683 4547 706 4633 l.
723 4593 749 4649 p.
767 4576 812 4634 dd.
