3274 5032
258 601 336 670 λίαν
361 600 421 668 τοῦ
441 601 632 670 Κατιλι’νο.“
678 601 760 669 Tum
783 599 975 668 Plutarchus
998 601 1034 667 in
1058 599 1125 668 vit.
1148 598 1258 668 Crassi
1282 623 1310 669 c
1337 605 1386 670 13.
1411 603 1450 670 de
1472 604 1547 671 unis

259 703 390 786 litteris,
414 710 524 773 nostro
547 711 654 774 autem
677 705 757 789 loco,
780 707 816 772 in
840 704 907 772 Vit.
929 705 996 774 Cic.
1020 727 1047 773 e.
1072 707 1134 789 15,
1168 704 1209 773 de
1244 705 1396 793 pluribus
1429 706 1548 776 litteris

258 805 414 895 loquitur.
472 806 639 876 Praetereo
673 809 829 896 putarim,
866 808 1012 875 lutrarum
1048 808 1160 892 tuisse,
1193 812 1240 891 at,
1263 806 1293 875 si
1317 807 1550 878 Plutarclruse

259 909 425 980 Ciceronis
447 913 687 980 commentariis
708 913 792 999 ipsis
814 911 988 994 hausisset,
1010 907 1052 978 ab
1090 931 1128 978 eo
1163 913 1392 979 commentarii
1421 911 1551 980 Cicero·

263 1014 327 1098 nis,
350 1019 387 1082 ut
408 1017 442 1082 iu
467 1015 534 1082 Vit.
556 1013 667 1082 Crassi
690 1035 717 1082 c.
757 1016 806 1081 13.
842 1019 875 1081 et
917 1015 954 1081 iu
996 1013 1065 1081 vit.
1098 1012 1190 1082 Caes.
1224 1035 1251 1082 c.
1287 1015 1329 1097 8.‚
1363 1017 1550 1085 citarentur.

261 1116 333 1186 lluc
355 1119 490 1201 accedit,
511 1120 597 1206 quod
620 1139 685 1185 non
708 1117 887 1186 verisimile
908 1123 969 1200 est,
991 1119 1026 1185 in
1050 1118 1261 1205 sequentibus
1285 1117 1494 1187 Plutarchum
1509 1141 1551 1187 ex

261 1217 427 1287 Ciceronis
448 1223 582 1310 scriptis
611 1223 695 1311 ipsis
720 1221 881 1305 hausisse,
903 1228 940 1289 ut
955 1227 1070 1310 postea
1086 1221 1284 1289 ridebimus.
1318 1221 1441 1317 'ltaque
1457 1223 1551 1290 nobis

264 1323 349 1400 nihil
373 1323 463 1394 aliud
485 1324 690 1414 relinquitur,
728 1327 792 1393 nisi
816 1331 852 1393 ut
874 1345 1046 1414 ponamus,
1083 1326 1204 1393 iontem
1227 1345 1382 1412 magnum
1413 1333 1446 1395 et
1477 1347 1553 1394 con-

261 1427 391 1510 tinuum
415 1427 575 1512 (Livium)
598 1429 772 1499 Plutarcho
792 1429 846 1497 hic
867 1450 993 1517 quoque
1026 1434 1103 1496 ante
1136 1428 1246 1496 ocrrlos
1280 1451 1351 1498 esse
1379 1413 1552 1498 uersatum.

262 1528 325 1597 Sed
349 1529 483 1598 dubium
507 1531 589 1600 mihi
612 1535 753 1616 nonsit,
788 1533 867 1620 quiin
903 1532 1018 1600 Liuius
1054 1552 1071 1599 e
1105 1531 1274 1600 Ciceronis
1312 1532 1554 1600 commentariis

263 1630 346 1718 ipsis
370 1631 453 1701 hanc
475 1633 662 1703 relationem
684 1635 839 1703 hauserit.
882 1633 964 1702 Cum
989 1656 1055 1702 non
1074 1635 1268 1738 habeamus,
1293 1657 1351 1703 cur
1367 1637 1408 1704 de
1426 1634 1554 1703 Plutar-

264 1731 317 1800 chi
342 1734 403 1802 tide
426 1737 624 1820 dubitemus,
655 1739 808 1826 quioniam
835 1739 945 1806 omnia
966 1738 1082 1825 paucis
1105 1740 1251 1826 exceptis
1274 1745 1360 1807 recte
1381 1739 1490 1822 refert,
1512 1758 1556 1804 ex

256 1833 480 1932 eo'sequitur,
502 1847 540 1907 ut
560 1841 692 1908 comitia
714 1839 903 1928 consularia
925 1862 990 1909 non
1013 1841 1118 1908 multo
1141 1843 1275 1910 enred.
1293 1841 1367 1908 Xll.
1384 1841 1456 1909 Kal.
1472 1839 1555 1908 Nor.

264 1933 379 2004 habita
409 1939 492 2017 sint:
528 1961 603 2008 nam
637 1963 664 2010 c.
700 1943 750 2010 15.
779 1942 853 2010 init.
881 1941 1076 2012 Plutarchus
1100 1943 1182 2010 dicit
1206 1939 1266 2030 „ori
1285 1943 1402 2029 πολλῷ
1422 1943 1557 2028 ὕστερον

263 2035 405 2112 radcard
429 2039 479 2124 (id
502 2047 561 2126 est,
582 2048 657 2130 post
677 2043 812 2110 comitia
831 2043 1043 2129 consularia),
1064 2041 1218 2111 Crassum
1243 2050 1340 2112 nocto
1366 2044 1494 2112 litteras
1513 2044 1557 2111 ad

224 2147 227 2152 “
264 2138 450 2230 Ciceronem
473 2143 588 2212 tulisse
610 2151 642 2211 et
664 2147 815 2235 sequenti
839 2147 893 2214 die
915 2139 948 2213 S.
970 2144 1006 2213 C.
1029 2145 1070 2213 U.
1092 2166 1164 2215 esse
1188 2148 1322 2230 tactum,
1361 2148 1448 2234 qaod
1482 2152 1558 2215 autc

266 2244 354 2312 dieru
389 2243 460 2313 llll.
494 2245 566 2314 Kal.
589 2247 669 2316 Nor.
694 2250 815 2316 iactam
838 2269 907 2318 esse
930 2254 1060 2316 constat
1081 2249 1211 2334 (confer
1232 2251 1268 2318 in
1291 2250 1361 2320 Cat.
1386 2251 1410 2336 l,
1432 2252 1453 2332 ἕ
1473 2253 1504 2318 4.
1528 2252 1557 2319 l.

33 2426 36 2434 Ι
266 2352 299 2415 et
321 2347 455 2417 Asconii
478 2351 599 2419 adnot.
620 2352 662 2420 ad
686 2359 766 2422 orat.
787 2353 890 2422 Cicer.
913 2354 950 2421 in
973 2353 1127 2424 Pisonem
1150 2356 1203 2424 ed.
1234 2353 1352 2424 Kiessl.
1376 2362 1411 2422 et
1442 2353 1558 2422 Schoell

85 2453 89 2517 ζ
212 2529 217 2538 ‚
267 2469 299 2536 p.
315 2448 373 2534 5.).
402 2449 440 2519 lu
461 2473 488 2520 c.
507 2453 558 2522 16.
573 2473 765 2542 partescum
780 2454 1173 2534 Ciceroneconsentiuntr
1196 2458 1309 2525 confer
1325 2457 1363 2524 de
1378 2455 1415 2535 Q.
1431 2454 1560 2524 lletello

268 2553 310 2621 ad
334 2555 438 2622 famil.
461 2553 502 2639 V,
524 2557 601 2640 2,1.
624 2563 657 2626 et
678 2557 714 2626 iu
736 2558 805 2626 Cat.
828 2557 868 2642 ll,
896 2559 953 2636 263
988 2561 1029 2628 de
1052 2565 1167 2626 senatu
1201 2560 1238 2626 in
1271 2557 1431 2647 templum
1463 2557 1558 2625 doris

268 2654 407 2726 Statoris
428 2666 602 2729 convocato
624 2661 660 2732 in
681 2660 751 2728 Cat.
773 2660 798 2746 l,
819 2663 882 2744 33,
904 2661 945 2746 ll,
970 2663 1032 2748 12,
1055 2662 1095 2730 de
1118 2660 1286 2730 subselliis
1307 2661 1506 2728 uacaretactis
1523 2661 1558 2727 in

269 2757 459 2844 cnr.1‚16.;
482 2761 591 2848 ll,12.
635 2763 684 2832 De
707 2763 873 2832 Plutarchi
894 2766 1005 2832 vorbis
1029 2761 1217 2850 ,(οἷναστᾶς
1237 2761 1257 2832 o‘
1279 2769 1424 2849 Κικέρων
1443 2767 1560 2848 προοέ·

272 2869 371 2960 retes:
392 2863 483 2954 αὐτῷ
502 2866 559 2954 τῆς
577 2865 704 2946 πόλεως
725 2865 1030 2952 &uaticinos-ium
1052 2869 1121 2935 deis·
1145 2865 1208 2954 νοῗρ
1231 2865 1337 2935 αὕτοῦ
1361 2872 1424 2952 μὲν
1445 2862 1560 2948 λόγοις,

270 2967 392 3034 ἐκείνου
414 2967 446 3035 d’
466 2965 580 3048 ὅπλοις
598 2971 852 3057 πολιτευομένου
871 2975 974 3058 μέσον
995 2965 1079 3038 εἶναι
1102 2968 1141 3037 roi
1160 2969 1282 3055 τετχος“
1306 2969 1420 3036 videas
1442 2968 1477 3035 iu
1490 2966 1561 3034 Cat.

270 3068 295 3152 1,
319 3072 371 3137 10.
392 3071 452 3148 32;
474 3072 509 3139 iu
530 3071 600 3140 Cat.
622 3071 662 3157 ll,
684 3073 705 3153 ἕ
729 3073 764 3140 l.
801 3071 915 3160 Neque
945 3078 1056 3140 tamen
1089 3072 1173 3154 dico,
1206 3070 1397 3139 Ciceronem
1432 3075 1562 3157 praetor

273 3173 355 3270 alios
378 3175 485 3242 ioutm
507 3174 674 3244 Plutarchi
697 3177 819 3245 iontem
841 3177 942 3244 iniis
964 3176 1077 3258 iniisse,
1112 3175 1149 3242 in
1171 3173 1292 3261 quihus
1313 3173 1403 3240 inter
1424 3191 1460 3240 se
1484 3193 1562 3240 con·

273 3277 429 3345 sentiunt.
473 3277 611 3368 Reliqua
631 3285 742 3347 numm
766 3281 799 3346 in
822 3279 882 3348 hoc
903 3281 1012 3368 capite
1035 3299 1056 3346 a
1078 3275 1234 3346 Cicerone
1266 3275 1436 3346 differunt.
1480 3275 1561 3343 Caum

274 3381 364 3448 euim
387 3379 590 3464 Plutarchus,
612 3382 791 3450 abhorrens
806 3382 847 3450 ab
869 3381 945 3450 aliis
967 3380 1195 3469 scriptoribus,
1218 3377 1382 3446 hlurcium
1396 3383 1432 3445 ot
1445 3376 1563 3446 Cethe-

275 3503 352 3568 gum
375 3485 456 3552 duos
477 3487 613 3553 sicarios
636 3487 794 3568 nominet,
817 3486 910 3554 nobis
933 3489 985 3553 est
1005 3482 1244 3573 quaerendum,
1268 3480 1356 3554 unde
1378 3481 1463 3549 hanc
1478 3481 1563 3549 rele-

275 3588 394 3656 tionem
418 3587 609 3656 Plutarchus
631 3589 821 3677 sumpserit.
864 3586 926 3666 Qui
949 3607 1038 3654 error
1059 3583 1235 3654 Plutarcho
1259 3604 1325 3652 non
1348 3589 1401 3651 ost
1415 3583 1564 3652 tribuen-

276 3689 349 3770 dus,
371 3695 409 3757 ut
429 3692 571 3774 ridetur,
593 3692 679 3775 ideo,
701 3691 787 3778 qnod
820 3691 961 3777 scriptor
993 3688 1046 3757 bis
1079 3689 1224 3757 eundem
1259 3685 1346 3772 (scil.
1368 3685 1564 3774 Cethegum)

278 3799 519 3860 commemorat.
563 3791 738 3882 Scriptoris
758 3791 860 3860 rerba
883 3788 1088 3877 ,ἀρξάμενος
1109 3789 1145 3856 δὲ
1166 3790 1271 3872 λέγειν
1291 3791 1489 3876 ἐθορυβεῖτο,
1511 3797 1567 3856 καὶ

277 3895 368 3972 τέλος
389 3891 538 3974 decurris
559 3894 577 3966 d
598 3899 743 3981 Κικέρων
767 3898 968 3979 προσέταξεν
997 3889 1089 3982 uultui
1120 3891 1177 3980 τῆς
1203 3888 1327 3969 πόλεας
1360 3889 1566 3959 ἀπαλλάττε-

277 3997 381 4064 ottur“
392 3999 555 4068 aneritate
569 4019 634 4068 nou
645 3997 800 4065 ridentur
811 3995 970 4074 aberrata
985 4015 1062 4063 nam
1078 3993 1254 4063 Sallustius
1266 3998 1389 4074 narrat,
1403 4000 1567 4062 senatores

276 4099 426 4168 Catilina
447 4122 482 4168 se
503 4099 691 4169 defendenti
714 4099 932 4187 obstrepuisso
953 4097 1083 4186 (confer
1104 4097 1183 4166 Sall.
1206 4117 1233 4164 c.
1256 4097 1310 4176 31,
1332 4093 1373 4178 ..)
1397 4101 1432 4163 ot
1452 4095 1567 4165 Cicero

277 4203 333 4288 (in
355 4203 426 4272 Cat
448 4201 474 4288 l,
498 4205 549 4274 10.
572 4204 622 4271 11.
648 4203 697 4270 13.
719 4203 772 4269 20.
793 4203 854 4280 23;
875 4203 911 4269 in
932 4201 1002 4270 Cat.
1027 4199 1068 4285 ll,
1095 4201 1149 4284 i.),
1172 4219 1207 4267 se
1229 4194 1410 4267 Catilinam
1425 4218 1468 4266 ox
1486 4199 1567 4267 urbe

281 4306 394 4394 egredi
425 4307 569 4375 iussisse
617 4303 681 4374 Sed
710 4303 920 4373 Plutarchum
943 4309 976 4372 ot
998 4303 1180 4372 Diodorum
1203 4303 1253 4388 (iu
1277 4301 1394 4388 fragm.
1419 4300 1460 4386 l.)
1482 4301 1570 4369 inter

279 4431 314 4478 ue
336 4431 401 4478 non
423 4429 613 4498 repugnare,
635 4429 676 4477 ex
699 4407 759 4475 hoo
779 4407 992 4492 cognoscitur.
1036 4403 1232 4473 Plutarchus
1246 4405 1339 4472 enirn
1354 4404 1465 4486 retert,
1487 4402 1568 4490 quid

280 4513 316 4580 in
338 4517 452 4580 senatu
476 4512 601 4580 tactum
621 4513 676 4593 sit,
698 4516 870 4598 antequam
894 4507 1007 4577 consul
1029 4506 1207 4575 Catilinam
1237 4507 1353 4575 urbem
1384 4505 1568 4594 relinquero

280 4612 419 4700 iuberet,
440 4633 514 4682 oum
547 4611 710 4682 Diodorus
746 4612 914 4680 nobiscum
948 4611 1181 4696 eommunicet,
1213 4607 1296 4702 quid
1328 4607 1391 4678 hoc
1424 4605 1568 4676 consulis
