3308 5120
693 655 728 723 13

606 747 815 756 --.---—-.--4

131 849 228 917 sociis
250 852 342 933 dare,
373 873 408 914 eo
437 851 489 916 dia
516 856 591 935 post
622 851 728 916 urbem
756 849 924 915 eonditum
953 849 1136 934 pessimiora
1159 849 1294 934 facilins

128 965 300 1043 patratum
324 958 417 1043 [oret.
466 957 611 1036 Putares,
638 967 702 1021 tum
728 956 857 1021 demum
886 954 1100 1042 indignatione
1128 957 1293 1020 universae

132 1064 269 1130 civitatis
297 1073 445 1129 contusos
473 1086 542 1129 esso
570 1072 632 1128 trrru
661 1064 836 1150 pertinaces
865 1063 896 1126 in
924 1059 1117 1127 eonimamlo
1144 1060 1295 1142 homiues,

133 1169 189 1235 sed
213 1171 380 1236 Sallustius
403 1169 550 1250 ultiunat,
578 1170 731 1235 nonnullis
758 1191 883 1250 eounn,
910 1179 1058 1254 tanquam
1081 1167 1163 1233 beno
1185 1167 1227 1234 de
1248 1183 1295 1234 rc·

133 1277 257 1364 publiea
280 1277 476 1356 meruissent,
498 1277 634 1364 lautomia
657 1278 782 1364 insuper
805 1275 930 1341 decreta
955 1297 1034 1341 esse.
1081 1275 1195 1340 Pasira
1221 1275 1296 1339 lise

134 1385 171 1449 in
201 1385 380 1450 citeriorem
413 1384 614 1468 Hispaniam
642 1390 791 1468 quaestor
815 1405 879 1470 pro
904 1387 1056 1476 praetore
1087 1382 1209 1446 missus
1238 1387 1294 1447 est.
1359 1443 1361 1446 ,

69 1471 71 1478 ¹
136 1491 243 1556 Pisoni
274 1491 369 1577 igitur·
397 1500 525 1556 senatus
553 1489 655 1571 dedit,
683 1488 765 1576 qnod
796 1487 935 1556 Catilina
964 1498 998 1554 et
1022 1488 1199 1554 Arrtrunius
1225 1508 1298 1576 pro-

136 1599 297 1678 miscuum,
321 1619 421 1684 neque
445 1600 555 1663 timore
578 1605 704 1662 senatus
725 1605 855 1662 coaetus
879 1617 949 1661 esse
972 1603 1088 1683 potest,
1110 1617 1182 1660 eum
1205 1593 1298 1682 pardo

136 1713 207 1769 aruc
230 1703 397 1770 Catilinam
421 1705 522 1792 ipsum
546 1704 613 1770 siue
626 1703 687 1769 ulla
701 1703 898 1770 dubitatione
913 1726 932 1767 a
947 1704 1100 1790 petitione
1116 1700 1298 1766 eorrsrdutus

136 1810 310 1876 excluserit.
355 1810 523 1876 Sallustius
550 1811 617 1898 ipse
641 1809 764 1875 uidetur
791 1812 924 1890 sentire,
954 1811 1090 1874 namatio
1119 1831 1178 1874 saur
1206 1830 1299 1894 quam

137 1939 199 1981 nou
222 1917 370 1999 sullieiat;
393 1918 498 2005 itaque
521 1927 647 1983 coaetus
670 1927 717 1983 est
737 1916 927 1997 concedere,
954 1916 1102 1982 Pisonem
1129 1916 1300 1981 urrrritente

137 2023 262 2105 Crasso,
284 2023 324 2090 do
346 2047 409 2112 quo
431 2023 473 2089 ad
496 2024 528 2090 id
551 2034 697 2103 tacuerat,
717 2026 852 2089 naissum
875 2047 946 2090 csse
963 2026 993 2089 iu
1009 2023 1212 2111 provinciam.
1249 2022 1300 2087 Ac

137 2153 208 2196 eum
231 2131 359 2212 adieiat,
383 2132 469 2196 illum
494 2131 600 2197 Pisoni
624 2131 753 2213 fauisse,
783 2133 969 2218 peredeum
995 2130 1154 2216 irrsastnm
1179 2129 1298 2195 interri-

137 2259 211 2304 enm
239 2238 298 2304 Cn.
324 2239 479 2323 Pompeio
501 2240 706 2323 eopnovisset,
735 2240 805 2326 ipse
829 2237 920 2304 testis
944 2247 1002 2318 est,
1029 2259 1064 2302 se
1092 2259 1154 2302 uon
1178 2236 1301 2323 ignora·

138 2345 232 2426 risse,
253 2344 412 2432 ιμιοιιιοιὶο
429 2369 478 2411 res
494 2368 527 2410 so
551 2345 701 2424 babuerit,
721 2343 778 2410 sed
803 2367 879 2411 vem
902 2345 1042 2432 pmlitcri
1059 2344 1209 2425 uoluisse,
1230 2366 1300 2409 cum

138 2452 244 2538 opinio
267 2475 324 2518 sua
352 2452 559 2540 praeiudicata
588 2475 657 2517 eum
685 2453 817 2518 veritate
844 2461 953 2539 aperte
982 2460 1177 2540 repugnaret
1228 2449 1301 2516 Nou

138 2559 325 2640 eoniunrtos,
348 2557 406 2625 sed
429 2559 487 2626 Cn.
510 2559 702 2648 Pompeium,
729 2559 829 2624 errius
860 2560 927 2624 iam
958 2565 1028 2624 turn
1049 2559 1198 2646 potentio
1229 2557 1299 2643 [or-

139 2667 295 2732 midolosa
318 2673 397 2750 eret,
421 2677 452 2733 et
465 2667 643 2754 optiumtes
658 2677 687 2731 et
704 2666 872 2754 poprdares
896 2666 1087 2746 metuebant,
1110 2688 1172 2730 non
1195 2666 1304 2730 eoniu-

139 2782 206 2837 rato
229 2773 348 2854 Pisoni,
377 2773 433 2840 sed
464 2774 589 2839 inimico
618 2772 758 2861 Pompeii
789 2773 948 2839 exereitus
978 2772 1072 2838 alatus
1101 2781 1159 2838 est
1210 2771 1302 2852 Qum

139 2881 222 2945 enim
245 2890 406 2968 praeterea
429 2879 585 2946 videmus:
616 2881 735 2966 ‹peippe
763 2887 902 2946 serratas
930 2880 1063 2966 sordeam
1094 2879 1260 2946 horrrr'nem
1282 2901 1303 2943 a

141 2987 305 3074 republica
324 2989 443 3073 procul
463 3011 529 3054 esse
549 2987 677 3070 colebat,
699 2989 779 3052 seria
795 3010 859 3052 uon
876 2995 959 3068 sunt,
982 3009 1052 3052 nam
1068 2987 1153 3052 croci
1169 2986 1306 3052 luissent

141 3103 314 3176 senatores,
341 3094 367 3159 si
396 3095 427 3160 in
457 3093 653 3161 removendis.
679 3094 782 3179 soeriis
808 3093 990 3160 homiuibus
1018 3094 1166 3160 Pisonem
1190 3092 1305 3181 potins,

141 3222 233 3286 (param
266 3200 433 3268 Catilinam
466 3202 667 3290 expulissent.
717 3202 770 3267 De
803 3199 941 3267 Catilina
974 3210 1093 3282 autem,
1120 3201 1174 3289 qui
1207 3207 1305 3266 totam

143 3329 216 3372 rem
229 3309 425 3397 conspirasse
449 3307 570 3390 dieitur,
593 3309 668 3375 nibil
684 3309 817 3396 amplius
833 3308 994 3390 audimus;
1017 3307 1057 3374 dc
1081 3330 1156 3374 uoce
1180 3307 1306 3374 Pisonis

142 3415 252 3500 agitur,
274 3438 369 3503 qtrem
384 3416 525 3504 Ponrpeii
550 3417 636 3481 iussu
660 3415 879 3482 obtruncatum
903 3437 974 3482 esse
990 3415 1158 3482 Sallustius
1173 3415 1307 3481 libenter

142 3520 250 3588 eredit.
272 3562 314 3574 -

249 3629 300 3696 De
327 3632 495 3718 superiore
521 3631 743 3696 eonirnutione
771 3630 856 3696 sertis
883 3632 1009 3696 elicium
1033 3651 1115 3714 esse,
1137 3629 1245 3696 nescio
1266 3652 1306 3696 au

143 3759 234 3802 nemo
261 3738 380 3802 urretori
407 3737 568 3804 eorreedat.
612 3735 677 3802 Res
703 3737 836 3802 obscura
860 3747 961 3819 esset,
988 3737 1048 3803 uisi
1072 3761 1111 3804 ex
1133 3737 1223 3804 libris
1245 3737 1306 3802 illis

144 3847 438 3932 supramemoratis
461 3867 528 3910 eam
552 3844 704 3910 illustrare
724 3867 901 3932 possemus
946 3844 1059 3910 Liuius
1082 3853 1116 3910 et
1137 3843 1308 3910 Suetonius

144 3950 327 4017 Ciceronem
351 3953 450 4016 secuti
474 3960 556 4032 sunt,
578 3961 611 4017 et
632 3951 738 4017 lronun
762 3952 974 4018 priuationem
998 3951 1130 4018 Cassius
1151 3951 1227 4034 Dio,
1252 3952 1306 4039 qni

144 4067 177 4123 et
204 4058 289 4123 vitae
318 4057 497 4124 conditione.
528 4068 558 4124 et
589 4058 733 4124 historica
761 4057 898 4145 quadum
929 4057 1142 4144 intellegentia
1172 4057 1212 4124 ad
1242 4079 1306 4124 rem

144 4163 373 4230 ‹tiiudiauduu
398 4163 530 4232 idonens
552 4175 631 4245 emt,
658 4164 795 4231 Sallust-ii
820 4165 900 4231 libra
922 4167 1112 4254 autcpmsnit.
1155 4168 1206 4231 Ae
1229 4163 1308 4233 Suc·

144 4271 249 4336 tenuius
271 4281 418 4358 ‹prattnur
441 4281 597 4360 praetcrea
621 4282 761 4338 erectores
786 4273 937 4352 narnrinat,
960 4275 991 4338 iu
1015 4272 1130 4360 ‹pribus
1149 4272 1309 4354 Bibulum,

145 4380 232 4442 cuins
256 4375 366 4442 odietis
390 4379 556 4444 manifesta
579 4378 735 4446 rrrerrdaeiu
759 4379 866 4446 inesse
890 4403 951 4444 uon
975 4389 1131 4469 poteraut,
1152 4403 1223 4446 eum
1240 4380 1308 4470 ipsc

145 4482 307 4552 ridiculum
339 4509 372 4549 sc
403 4484 605 4564 reddidisset,
642 4487 667 4551 si
698 4510 734 4551 ue
765 4486 852 4552 reris
882 4485 1008 4574 quidem
1039 4486 1308 4553 crirniuntiouibus
