<?xml version="1.0" encoding="UTF-8"?>
<!DOCTYPE html PUBLIC "-//W3C//DTD XHTML 1.0 Transitional//EN"
    "http://www.w3.org/TR/xhtml1/DTD/xhtml1-transitional.dtd">
<html xmlns="http://www.w3.org/1999/xhtml" xml:lang="en" lang="en">
 <head>
  <title>
</title>
<meta http-equiv="Content-Type" content="text/html;charset=utf-8" />
  <meta name='ocr-system' content='tesseract 3.04.00' />
  <meta name='ocr-capabilities' content='ocr_page ocr_carea ocr_par ocr_line ocrx_word'/>
</head>
<body>
  <div class='ocr_page' id='page_1' title='image "./deconiurationec00bessgoog/deconiurationec00bessgoog_0236.png"; bbox 0 0 3308 5120; ppageno 0'>
   <div class='ocr_carea' id='block_1_1' title="bbox 305 705 1476 902">
    <p class='ocr_par' dir='ltr' id='par_1_1' title="bbox 305 705 1476 902">
     <span class='ocr_line' id='line_1_1' title="bbox 305 705 1474 794; baseline -0.008 -17"><span class='ocrx_word' id='word_1_1' title='bbox 305 713 429 777; x_wconf 83' lang='lat' dir='ltr'><strong>untione</strong></span> <span class='ocrx_word' id='word_1_2' title='bbox 452 710 512 776; x_wconf 89' lang='lat' dir='ltr'><strong>orti</strong></span> <span class='ocrx_word' id='word_1_3' title='bbox 535 710 609 791; x_wconf 88' lang='lat' dir='ltr'><strong>sint,</strong></span> <span class='ocrx_word' id='word_1_4' title='bbox 631 732 670 775; x_wconf 89' lang='lat' dir='ltr'><strong>an</strong></span> <span class='ocrx_word' id='word_1_5' title='bbox 689 709 820 775; x_wconf 83' lang='lat' dir='ltr'><strong>alionrm</strong></span> <span class='ocrx_word' id='word_1_6' title='bbox 841 708 1030 774; x_wconf 80' lang='lat' dir='ltr'><strong>testimoniis</strong></span> <span class='ocrx_word' id='word_1_7' title='bbox 1051 709 1197 774; x_wconf 86' lang='lat' dir='ltr'><strong>nitantur.</strong></span> <span class='ocrx_word' id='word_1_8' title='bbox 1235 705 1336 794; x_wconf 86' lang='lat' dir='ltr'><strong>Supra</strong></span> <span class='ocrx_word' id='word_1_9' title='bbox 1357 705 1474 792; x_wconf 88' lang='lat' dir='ltr'><strong>passim</strong></span> 
     </span>
     <span class='ocr_line' id='line_1_2' title="bbox 305 809 1476 902; baseline -0.006 -19"><span class='ocrx_word' id='word_1_10' title='bbox 305 817 548 884; x_wconf 79' lang='lat' dir='ltr'><strong>memoravimus</strong></span> <span class='ocrx_word' id='word_1_11' title='bbox 570 816 668 882; x_wconf 92' lang='lat' dir='ltr'><strong>libros</strong></span> <span class='ocrx_word' id='word_1_12' title='bbox 691 838 808 896; x_wconf 87' lang='lat' dir='ltr'><strong>comm,</strong></span> <span class='ocrx_word' id='word_1_13' title='bbox 831 817 886 902; x_wconf 88' lang='lat' dir='ltr'><strong>qui</strong></span> <span class='ocrx_word' id='word_1_14' title='bbox 907 811 1090 881; x_wconf 73' lang='lat' dir='ltr'><strong>Sallustium</strong></span> <span class='ocrx_word' id='word_1_15' title='bbox 1109 837 1149 881; x_wconf 85' lang='lat' dir='ltr'><strong>ex</strong></span> <span class='ocrx_word' id='word_1_16' title='bbox 1169 811 1309 880; x_wconf 86' lang='lat' dir='ltr'><strong>fontibus</strong></span> <span class='ocrx_word' id='word_1_17' title='bbox 1331 809 1476 878; x_wconf 80' lang='lat' dir='ltr'><strong>hausisse</strong></span> 
     </span>
    </p>
   </div>
   <div class='ocr_carea' id='block_1_2' title="bbox 223 917 1593 4424">
    <p class='ocr_par' dir='ltr' id='par_1_2' title="bbox 223 917 1593 4424">
     <span class='ocr_line' id='line_1_3' title="bbox 305 917 1477 1011; baseline -0.007 -21"><span class='ocrx_word' id='word_1_18' title='bbox 305 931 448 1004; x_wconf 80' lang='lat' dir='ltr'><strong>ceuseut3</strong></span> <span class='ocrx_word' id='word_1_19' title='bbox 482 923 576 989; x_wconf 86' lang='lat' dir='ltr'><strong>etiarn</strong></span> <span class='ocrx_word' id='word_1_20' title='bbox 610 922 716 1011; x_wconf 84' lang='lat' dir='ltr'><strong>plures</strong></span> <span class='ocrx_word' id='word_1_21' title='bbox 750 943 858 987; x_wconf 89' lang='lat' dir='ltr'><strong>eornm</strong></span> <span class='ocrx_word' id='word_1_22' title='bbox 892 942 1073 988; x_wconf 90' lang='lat' dir='ltr'><strong>enumerare</strong></span> <span class='ocrx_word' id='word_1_23' title='bbox 1107 942 1287 1010; x_wconf 88' lang='lat' dir='ltr'><strong>possumus,</strong></span> <span class='ocrx_word' id='word_1_24' title='bbox 1324 917 1383 985; x_wconf 90' lang='lat' dir='ltr'><strong>sed</strong></span> <span class='ocrx_word' id='word_1_25' title='bbox 1421 917 1477 983; x_wconf 84' lang='lat' dir='ltr'><strong>vix</strong></span> 
     </span>
     <span class='ocr_line' id='line_1_4' title="bbox 305 1025 1475 1118; baseline -0.007 -21"><span class='ocrx_word' id='word_1_26' title='bbox 305 1051 417 1118; x_wconf 86' lang='lat' dir='ltr'><strong>operae</strong></span> <span class='ocrx_word' id='word_1_27' title='bbox 439 1031 576 1118; x_wconf 85' lang='lat' dir='ltr'><strong>pretium</strong></span> <span class='ocrx_word' id='word_1_28' title='bbox 599 1037 657 1110; x_wconf 90' lang='lat' dir='ltr'><strong>est,</strong></span> <span class='ocrx_word' id='word_1_29' title='bbox 679 1051 750 1094; x_wconf 93' lang='lat' dir='ltr'><strong>cruu</strong></span> <span class='ocrx_word' id='word_1_30' title='bbox 773 1028 842 1095; x_wconf 88' lang='lat' dir='ltr'><strong>sine</strong></span> <span class='ocrx_word' id='word_1_31' title='bbox 864 1026 963 1093; x_wconf 93' lang='lat' dir='ltr'><strong>dnbio</strong></span> <span class='ocrx_word' id='word_1_32' title='bbox 986 1049 1095 1094; x_wconf 90' lang='lat' dir='ltr'><strong>omnes</strong></span> <span class='ocrx_word' id='word_1_33' title='bbox 1118 1027 1163 1092; x_wconf 90' lang='lat' dir='ltr'><strong>illi</strong></span> <span class='ocrx_word' id='word_1_34' title='bbox 1183 1025 1364 1092; x_wconf 77' lang='lat' dir='ltr'><strong>annuerint.</strong></span> <span class='ocrx_word' id='word_1_35' title='bbox 1409 1025 1475 1103; x_wconf 84' lang='lat' dir='ltr'><strong>Qui</strong></span> 
     </span>
     <span class='ocr_line' id='line_1_5' title="bbox 306 1132 1477 1221; baseline -0.005 -19"><span class='ocrx_word' id='word_1_36' title='bbox 306 1137 373 1203; x_wconf 91' lang='lat' dir='ltr'><strong>sine</strong></span> <span class='ocrx_word' id='word_1_37' title='bbox 405 1136 450 1202; x_wconf 90' lang='lat' dir='ltr'><strong>ira</strong></span> <span class='ocrx_word' id='word_1_38' title='bbox 481 1158 518 1201; x_wconf 89' lang='lat' dir='ltr'><strong>ac</strong></span> <span class='ocrx_word' id='word_1_39' title='bbox 547 1133 654 1201; x_wconf 88' lang='lat' dir='ltr'><strong>studio</strong></span> <span class='ocrx_word' id='word_1_40' title='bbox 687 1157 751 1200; x_wconf 86' lang='lat' dir='ltr'><strong>rem</strong></span> <span class='ocrx_word' id='word_1_41' title='bbox 786 1133 955 1220; x_wconf 83' lang='lat' dir='ltr'><strong>diligenter</strong></span> <span class='ocrx_word' id='word_1_42' title='bbox 986 1141 1134 1215; x_wconf 87' lang='lat' dir='ltr'><strong>tractant,</strong></span> <span class='ocrx_word' id='word_1_43' title='bbox 1170 1133 1314 1221; x_wconf 81' lang='lat' dir='ltr'><strong>quamuis</strong></span> <span class='ocrx_word' id='word_1_44' title='bbox 1349 1132 1477 1198; x_wconf 85' lang='lat' dir='ltr'><strong>maximi</strong></span> 
     </span>
     <span class='ocr_line' id='line_1_6' title="bbox 305 1235 1478 1328; baseline -0.004 -21"><span class='ocrx_word' id='word_1_45' title='bbox 305 1242 423 1309; x_wconf 84' lang='lat' dir='ltr'><strong>iaciant</strong></span> <span class='ocrx_word' id='word_1_46' title='bbox 445 1241 643 1322; x_wconf 87' lang='lat' dir='ltr'><strong>Sallustirnn,</strong></span> <span class='ocrx_word' id='word_1_47' title='bbox 671 1241 791 1307; x_wconf 74' lang='lat' dir='ltr'><strong>Wiraiu</strong></span> <span class='ocrx_word' id='word_1_48' title='bbox 818 1245 898 1328; x_wconf 83' lang='lat' dir='ltr'><strong>(pag.</strong></span> <span class='ocrx_word' id='word_1_49' title='bbox 923 1241 976 1324; x_wconf 78' lang='lat'><strong>56)</strong></span> <span class='ocrx_word' id='word_1_50' title='bbox 1003 1238 1192 1321; x_wconf 83' lang='lat' dir='ltr'><strong>concedent,</strong></span> <span class='ocrx_word' id='word_1_51' title='bbox 1224 1263 1296 1306; x_wconf 91' lang='lat' dir='ltr'><strong>cum</strong></span> <span class='ocrx_word' id='word_1_52' title='bbox 1323 1261 1363 1304; x_wconf 84' lang='lat' dir='ltr'><strong>ex</strong></span> <span class='ocrx_word' id='word_1_53' title='bbox 1391 1235 1478 1303; x_wconf 90' lang='lat' dir='ltr'><strong>nullo</strong></span> 
     </span>
     <span class='ocr_line' id='line_1_7' title="bbox 306 1344 1478 1433; baseline -0.005 -18"><span class='ocrx_word' id='word_1_54' title='bbox 306 1349 393 1415; x_wconf 83' lang='lat' dir='ltr'><strong>iente</strong></span> <span class='ocrx_word' id='word_1_55' title='bbox 425 1347 583 1428; x_wconf 83' lang='lat' dir='ltr'><strong>hausisse,</strong></span> <span class='ocrx_word' id='word_1_56' title='bbox 616 1347 676 1412; x_wconf 89' lang='lat' dir='ltr'><strong>uisi</strong></span> <span class='ocrx_word' id='word_1_57' title='bbox 710 1370 750 1413; x_wconf 83' lang='lat' dir='ltr'><strong>ex</strong></span> <span class='ocrx_word' id='word_1_58' title='bbox 776 1348 893 1433; x_wconf 73' lang='lat' dir='ltr'><strong>fallaci</strong></span> <span class='ocrx_word' id='word_1_59' title='bbox 921 1347 1087 1414; x_wconf 66' lang='lat' dir='ltr'><strong>evacuatoria.</strong></span> <span class='ocrx_word' id='word_1_60' title='bbox 1132 1348 1224 1426; x_wconf 84' lang='lat' dir='ltr'><strong>Quae</strong></span> <span class='ocrx_word' id='word_1_61' title='bbox 1252 1345 1408 1413; x_wconf 87' lang='lat' dir='ltr'><strong>sententia</strong></span> <span class='ocrx_word' id='word_1_62' title='bbox 1430 1344 1478 1410; x_wconf 89' lang='lat' dir='ltr'><strong>in-</strong></span> 
     </span>
     <span class='ocr_line' id='line_1_8' title="bbox 307 1452 1477 1544; baseline -0.003 -23"><span class='ocrx_word' id='word_1_63' title='bbox 307 1478 402 1544; x_wconf 84' lang='lat' dir='ltr'><strong>super</strong></span> <span class='ocrx_word' id='word_1_64' title='bbox 432 1456 576 1543; x_wconf 86' lang='lat' dir='ltr'><strong>scriptori</strong></span> <span class='ocrx_word' id='word_1_65' title='bbox 610 1452 838 1520; x_wconf 87' lang='lat' dir='ltr'><strong>secundissima</strong></span> <span class='ocrx_word' id='word_1_66' title='bbox 869 1461 932 1535; x_wconf 89' lang='lat' dir='ltr'><strong>est,</strong></span> <span class='ocrx_word' id='word_1_67' title='bbox 964 1476 1035 1518; x_wconf 90' lang='lat' dir='ltr'><strong>uam</strong></span> <span class='ocrx_word' id='word_1_68' title='bbox 1064 1453 1093 1519; x_wconf 92' lang='lat' dir='ltr'><strong>si</strong></span> <span class='ocrx_word' id='word_1_69' title='bbox 1124 1455 1229 1520; x_wconf 89' lang='lat' dir='ltr'><strong>iontes</strong></span> <span class='ocrx_word' id='word_1_70' title='bbox 1262 1460 1477 1542; x_wconf 82' lang='lat' dir='ltr'><strong>perscrutatus</strong></span> 
     </span>
     <span class='ocr_line' id='line_1_9' title="bbox 307 1558 1479 1647; baseline -0.003 -19"><span class='ocrx_word' id='word_1_71' title='bbox 307 1571 407 1642; x_wconf 90' lang='lat' dir='ltr'><strong>esset,</strong></span> <span class='ocrx_word' id='word_1_72' title='bbox 430 1561 475 1627; x_wconf 91' lang='lat' dir='ltr'><strong>illi</strong></span> <span class='ocrx_word' id='word_1_73' title='bbox 499 1583 620 1627; x_wconf 81' lang='lat' dir='ltr'><strong>encres</strong></span> <span class='ocrx_word' id='word_1_74' title='bbox 643 1569 750 1627; x_wconf 88' lang='lat' dir='ltr'><strong>essent</strong></span> <span class='ocrx_word' id='word_1_75' title='bbox 773 1558 943 1626; x_wconf 84' lang='lat' dir='ltr'><strong>mendacia</strong></span> <span class='ocrx_word' id='word_1_76' title='bbox 989 1558 1157 1626; x_wconf 85' lang='lat' dir='ltr'><strong>Sallustius</strong></span> <span class='ocrx_word' id='word_1_77' title='bbox 1180 1583 1237 1647; x_wconf 84' lang='lat' dir='ltr'><strong>pro</strong></span> <span class='ocrx_word' id='word_1_78' title='bbox 1260 1559 1408 1626; x_wconf 80' lang='lat' dir='ltr'><strong>facultate</strong></span> <span class='ocrx_word' id='word_1_79' title='bbox 1431 1561 1479 1624; x_wconf 92' lang='lat' dir='ltr'><strong>in-</strong></span> 
     </span>
     <span class='ocr_line' id='line_1_10' title="bbox 306 1663 1479 1756; baseline -0.003 -22"><span class='ocrx_word' id='word_1_80' title='bbox 306 1668 390 1756; x_wconf 77' lang='lat' dir='ltr'><strong>genii</strong></span> <span class='ocrx_word' id='word_1_81' title='bbox 412 1669 461 1734; x_wconf 88' lang='lat' dir='ltr'><strong>sui</strong></span> <span class='ocrx_word' id='word_1_82' title='bbox 484 1666 630 1756; x_wconf 88' lang='lat' dir='ltr'><strong>putabat,</strong></span> <span class='ocrx_word' id='word_1_83' title='bbox 661 1689 696 1734; x_wconf 90' lang='lat' dir='ltr'><strong>se</strong></span> <span class='ocrx_word' id='word_1_84' title='bbox 719 1663 899 1733; x_wconf 79' lang='lat' dir='ltr'><strong>describere</strong></span> <span class='ocrx_word' id='word_1_85' title='bbox 921 1689 1029 1755; x_wconf 88' lang='lat' dir='ltr'><strong>posse,</strong></span> <span class='ocrx_word' id='word_1_86' title='bbox 1060 1688 1142 1755; x_wconf 87' lang='lat' dir='ltr'><strong>qrrae</strong></span> <span class='ocrx_word' id='word_1_87' title='bbox 1171 1667 1294 1755; x_wconf 89' lang='lat' dir='ltr'><strong>ipsein</strong></span> <span class='ocrx_word' id='word_1_88' title='bbox 1318 1665 1479 1754; x_wconf 83' lang='lat' dir='ltr'><strong>republica</strong></span> 
     </span>
     <span class='ocr_line' id='line_1_11' title="bbox 307 1771 1479 1862; baseline -0.002 -22"><span class='ocrx_word' id='word_1_89' title='bbox 307 1773 454 1856; x_wconf 89' lang='lat' dir='ltr'><strong>vidisset,</strong></span> <span class='ocrx_word' id='word_1_90' title='bbox 486 1774 608 1840; x_wconf 88' lang='lat' dir='ltr'><strong>etiamsi</strong></span> <span class='ocrx_word' id='word_1_91' title='bbox 636 1783 728 1840; x_wconf 87' lang='lat' dir='ltr'><strong>antea</strong></span> <span class='ocrx_word' id='word_1_92' title='bbox 755 1774 799 1839; x_wconf 90' lang='lat' dir='ltr'><strong>rei</strong></span> <span class='ocrx_word' id='word_1_93' title='bbox 829 1796 957 1862; x_wconf 83' lang='lat' dir='ltr'><strong>operam</strong></span> <span class='ocrx_word' id='word_1_94' title='bbox 988 1797 1051 1839; x_wconf 88' lang='lat' dir='ltr'><strong>non</strong></span> <span class='ocrx_word' id='word_1_95' title='bbox 1083 1772 1233 1840; x_wconf 84' lang='lat' dir='ltr'><strong>dedisset.</strong></span> <span class='ocrx_word' id='word_1_96' title='bbox 1277 1771 1352 1852; x_wconf 78' lang='lat' dir='ltr'><strong>Qua</strong></span> <span class='ocrx_word' id='word_1_97' title='bbox 1383 1773 1415 1838; x_wconf 89' lang='lat' dir='ltr'><strong>in</strong></span> <span class='ocrx_word' id='word_1_98' title='bbox 1446 1796 1479 1838; x_wconf 80' lang='lat' dir='ltr'><strong>rc</strong></span> 
     </span>
     <span class='ocr_line' id='line_1_12' title="bbox 308 1876 1479 1968; baseline -0.003 -21"><span class='ocrx_word' id='word_1_99' title='bbox 308 1881 402 1947; x_wconf 88' lang='lat' dir='ltr'><strong>animi</strong></span> <span class='ocrx_word' id='word_1_100' title='bbox 429 1882 514 1947; x_wconf 86' lang='lat' dir='ltr'><strong>vires</strong></span> <span class='ocrx_word' id='word_1_101' title='bbox 542 1889 576 1946; x_wconf 90' lang='lat' dir='ltr'><strong>et</strong></span> <span class='ocrx_word' id='word_1_102' title='bbox 602 1879 745 1947; x_wconf 83' lang='lat' dir='ltr'><strong>deiectus</strong></span> <span class='ocrx_word' id='word_1_103' title='bbox 768 1880 981 1968; x_wconf 83' lang='lat' dir='ltr'><strong>experientiae</strong></span> <span class='ocrx_word' id='word_1_104' title='bbox 1009 1904 1111 1947; x_wconf 88' lang='lat' dir='ltr'><strong>rerum</strong></span> <span class='ocrx_word' id='word_1_105' title='bbox 1142 1876 1375 1946; x_wconf 87' lang='lat' dir='ltr'><strong>scribendarum</strong></span> <span class='ocrx_word' id='word_1_106' title='bbox 1407 1900 1479 1944; x_wconf 79' lang='lat' dir='ltr'><strong>arem</strong></span> 
     </span>
     <span class='ocr_line' id='line_1_13' title="bbox 310 1983 1480 2076; baseline -0.002 -22"><span class='ocrx_word' id='word_1_107' title='bbox 310 1988 386 2054; x_wconf 88' lang='lat' dir='ltr'><strong>satis</strong></span> <span class='ocrx_word' id='word_1_108' title='bbox 408 1994 575 2068; x_wconf 82' lang='lat' dir='ltr'><strong>excusant;</strong></span> <span class='ocrx_word' id='word_1_109' title='bbox 607 1989 764 2053; x_wconf 89' lang='lat' dir='ltr'><strong>orationes</strong></span> <span class='ocrx_word' id='word_1_110' title='bbox 788 1986 966 2067; x_wconf 87' lang='lat' dir='ltr'><strong>Ciceronis,</strong></span> <span class='ocrx_word' id='word_1_111' title='bbox 992 2010 1072 2076; x_wconf 89' lang='lat' dir='ltr'><strong>qnae</strong></span> <span class='ocrx_word' id='word_1_112' title='bbox 1099 1988 1161 2053; x_wconf 84' lang='lat' dir='ltr'><strong>irnn</strong></span> <span class='ocrx_word' id='word_1_113' title='bbox 1188 1996 1254 2052; x_wconf 87' lang='lat' dir='ltr'><strong>tum</strong></span> <span class='ocrx_word' id='word_1_114' title='bbox 1284 1985 1325 2051; x_wconf 89' lang='lat' dir='ltr'><strong>ab</strong></span> <span class='ocrx_word' id='word_1_115' title='bbox 1348 1983 1480 2052; x_wconf 86' lang='lat' dir='ltr'><strong>eruditis</strong></span> 
     </span>
     <span class='ocr_line' id='line_1_14' title="bbox 308 2091 1481 2182; baseline -0.002 -22"><span class='ocrx_word' id='word_1_116' title='bbox 308 2116 401 2182; x_wconf 85' lang='lat' dir='ltr'><strong>saepe</strong></span> <span class='ocrx_word' id='word_1_117' title='bbox 423 2093 622 2181; x_wconf 82' lang='lat' dir='ltr'><strong>legebantur,</strong></span> <span class='ocrx_word' id='word_1_118' title='bbox 654 2094 781 2180; x_wconf 83' lang='lat' dir='ltr'><strong>ignams</strong></span> <span class='ocrx_word' id='word_1_119' title='bbox 804 2094 999 2160; x_wconf 86' lang='lat' dir='ltr'><strong>difficultatis</strong></span> <span class='ocrx_word' id='word_1_120' title='bbox 1022 2093 1140 2161; x_wconf 84' lang='lat' dir='ltr'><strong>affatim</strong></span> <span class='ocrx_word' id='word_1_121' title='bbox 1164 2115 1198 2158; x_wconf 89' lang='lat' dir='ltr'><strong>se</strong></span> <span class='ocrx_word' id='word_1_122' title='bbox 1221 2095 1349 2160; x_wconf 84' lang='lat' dir='ltr'><strong>novisse</strong></span> <span class='ocrx_word' id='word_1_123' title='bbox 1371 2091 1481 2158; x_wconf 89' lang='lat' dir='ltr'><strong>crede·</strong></span> 
     </span>
     <span class='ocr_line' id='line_1_15' title="bbox 308 2197 1481 2288; baseline -0.003 -22"><span class='ocrx_word' id='word_1_124' title='bbox 308 2201 370 2266; x_wconf 77' lang='lat' dir='ltr'><strong>bat.</strong></span> <span class='ocrx_word' id='word_1_125' title='bbox 414 2199 594 2267; x_wconf 85' lang='lat' dir='ltr'><strong>Nonnullae</strong></span> <span class='ocrx_word' id='word_1_126' title='bbox 622 2201 654 2266; x_wconf 90' lang='lat' dir='ltr'><strong>in</strong></span> <span class='ocrx_word' id='word_1_127' title='bbox 677 2201 840 2266; x_wconf 77' lang='lat' dir='ltr'><strong>vocabulis</strong></span> <span class='ocrx_word' id='word_1_128' title='bbox 868 2199 1089 2267; x_wconf 88' lang='lat' dir='ltr'><strong>similitudines</strong></span> <span class='ocrx_word' id='word_1_129' title='bbox 1119 2208 1207 2288; x_wconf 87' lang='lat' dir='ltr'><strong>(quas</strong></span> <span class='ocrx_word' id='word_1_130' title='bbox 1229 2199 1336 2267; x_wconf 91' lang='lat' dir='ltr'><strong>Ducbi</strong></span> <span class='ocrx_word' id='word_1_131' title='bbox 1360 2201 1392 2265; x_wconf 89' lang='lat' dir='ltr'><strong>in</strong></span> <span class='ocrx_word' id='word_1_132' title='bbox 1416 2197 1481 2264; x_wconf 89' lang='lat' dir='ltr'><strong>dis·</strong></span> 
     </span>
     <span class='ocr_line' id='line_1_16' title="bbox 309 2306 1482 2397; baseline 0 -25"><span class='ocrx_word' id='word_1_133' title='bbox 309 2309 477 2374; x_wconf 87' lang='lat' dir='ltr'><strong>sertatione</strong></span> <span class='ocrx_word' id='word_1_134' title='bbox 500 2308 538 2374; x_wconf 85' lang='lat' dir='ltr'><strong>dc</strong></span> <span class='ocrx_word' id='word_1_135' title='bbox 555 2308 706 2393; x_wconf 68' lang='lat' dir='ltr'><strong>foralibus</strong></span> <span class='ocrx_word' id='word_1_136' title='bbox 721 2330 760 2372; x_wconf 85' lang='lat' dir='ltr'><strong>ec</strong></span> <span class='ocrx_word' id='word_1_137' title='bbox 775 2309 842 2393; x_wconf 79' lang='lat' dir='ltr'><strong>fide</strong></span> <span class='ocrx_word' id='word_1_138' title='bbox 860 2307 1015 2374; x_wconf 82' lang='lat' dir='ltr'><strong>Sallustii</strong></span> <span class='ocrx_word' id='word_1_139' title='bbox 1029 2309 1215 2397; x_wconf 88' lang='lat' dir='ltr'><strong>composuit)</strong></span> <span class='ocrx_word' id='word_1_140' title='bbox 1231 2330 1301 2372; x_wconf 91' lang='lat' dir='ltr'><strong>cnm</strong></span> <span class='ocrx_word' id='word_1_141' title='bbox 1318 2306 1482 2388; x_wconf 76' lang='lat' dir='ltr'><strong>Cicerone,</strong></span> 
     </span>
     <span class='ocr_line' id='line_1_17' title="bbox 309 2413 1481 2503; baseline -0.002 -22"><span class='ocrx_word' id='word_1_142' title='bbox 309 2414 335 2482; x_wconf 90' lang='lat' dir='ltr'><strong>si</strong></span> <span class='ocrx_word' id='word_1_143' title='bbox 359 2423 580 2503; x_wconf 81' lang='lat' dir='ltr'><strong>comparantur</strong></span> <span class='ocrx_word' id='word_1_144' title='bbox 602 2437 672 2480; x_wconf 90' lang='lat' dir='ltr'><strong>curu</strong></span> <span class='ocrx_word' id='word_1_145' title='bbox 696 2414 907 2502; x_wconf 70' lang='lat' dir='ltr'><strong>discrepantia</strong></span> <span class='ocrx_word' id='word_1_146' title='bbox 930 2437 1043 2496; x_wconf 88' lang='lat' dir='ltr'><strong>rerum,</strong></span> <span class='ocrx_word' id='word_1_147' title='bbox 1065 2437 1128 2480; x_wconf 93' lang='lat' dir='ltr'><strong>nou</strong></span> <span class='ocrx_word' id='word_1_148' title='bbox 1151 2436 1190 2480; x_wconf 84' lang='lat' dir='ltr'><strong>ex</strong></span> <span class='ocrx_word' id='word_1_149' title='bbox 1212 2413 1293 2480; x_wconf 86' lang='lat' dir='ltr'><strong>libro</strong></span> <span class='ocrx_word' id='word_1_150' title='bbox 1317 2413 1349 2478; x_wconf 91' lang='lat' dir='ltr'><strong>in</strong></span> <span class='ocrx_word' id='word_1_151' title='bbox 1367 2413 1481 2480; x_wconf 90' lang='lat' dir='ltr'><strong>librum</strong></span> 
     </span>
     <span class='ocr_line' id='line_1_18' title="bbox 310 2518 1481 2609; baseline 0 -23"><span class='ocrx_word' id='word_1_152' title='bbox 310 2523 531 2609; x_wconf 87' lang='lat' dir='ltr'><strong>transscriptae</strong></span> <span class='ocrx_word' id='word_1_153' title='bbox 565 2519 727 2602; x_wconf 91' lang='lat' dir='ltr'><strong>videntur,</strong></span> <span class='ocrx_word' id='word_1_154' title='bbox 758 2519 816 2586; x_wconf 90' lang='lat' dir='ltr'><strong>sed</strong></span> <span class='ocrx_word' id='word_1_155' title='bbox 849 2522 879 2584; x_wconf 94' lang='lat' dir='ltr'><strong>in</strong></span> <span class='ocrx_word' id='word_1_156' title='bbox 913 2518 1054 2587; x_wconf 86' lang='lat' dir='ltr'><strong>Sallustii</strong></span> <span class='ocrx_word' id='word_1_157' title='bbox 1086 2521 1235 2587; x_wconf 88' lang='lat' dir='ltr'><strong>memoria</strong></span> <span class='ocrx_word' id='word_1_158' title='bbox 1267 2519 1481 2608; x_wconf 85' lang='lat' dir='ltr'><strong>singularitate</strong></span> 
     </span>
     <span class='ocr_line' id='line_1_19' title="bbox 309 2626 1482 2716; baseline 0.002 -24"><span class='ocrx_word' id='word_1_159' title='bbox 309 2651 367 2694; x_wconf 89' lang='lat' dir='ltr'><strong>sua</strong></span> <span class='ocrx_word' id='word_1_160' title='bbox 387 2628 564 2694; x_wconf 75' lang='lat' dir='ltr'><strong>haeserunt</strong></span> <span class='ocrx_word' id='word_1_161' title='bbox 609 2627 715 2694; x_wconf 80' lang='lat' dir='ltr'><strong>Etiam</strong></span> <span class='ocrx_word' id='word_1_162' title='bbox 739 2626 778 2693; x_wconf 88' lang='lat' dir='ltr'><strong>de</strong></span> <span class='ocrx_word' id='word_1_163' title='bbox 802 2626 932 2694; x_wconf 89' lang='lat' dir='ltr'><strong>minoris</strong></span> <span class='ocrx_word' id='word_1_164' title='bbox 947 2628 1097 2693; x_wconf 87' lang='lat' dir='ltr'><strong>momenti</strong></span> <span class='ocrx_word' id='word_1_165' title='bbox 1112 2627 1216 2707; x_wconf 86' lang='lat' dir='ltr'><strong>rebus,</strong></span> <span class='ocrx_word' id='word_1_166' title='bbox 1237 2649 1316 2716; x_wconf 88' lang='lat' dir='ltr'><strong>quas</strong></span> <span class='ocrx_word' id='word_1_167' title='bbox 1332 2649 1482 2716; x_wconf 87' lang='lat' dir='ltr'><strong>praeseus</strong></span> 
     </span>
     <span class='ocr_line' id='line_1_20' title="bbox 272 2732 1481 2822; baseline -0.001 -21"><span class='ocrx_word' id='word_1_168' title='bbox 272 2805 277 2812; x_wconf 63' lang='grc'><strong>,</strong></span> <span class='ocrx_word' id='word_1_169' title='bbox 310 2733 436 2801; x_wconf 86' lang='lat' dir='ltr'><strong>videtur</strong></span> <span class='ocrx_word' id='word_1_170' title='bbox 459 2732 594 2818; x_wconf 85' lang='lat' dir='ltr'><strong>vidisse,</strong></span> <span class='ocrx_word' id='word_1_171' title='bbox 618 2743 709 2800; x_wconf 90' lang='lat' dir='ltr'><strong>caute</strong></span> <span class='ocrx_word' id='word_1_172' title='bbox 732 2734 800 2800; x_wconf 89' lang='lat' dir='ltr'><strong>eius</strong></span> <span class='ocrx_word' id='word_1_173' title='bbox 823 2734 960 2800; x_wconf 86' lang='lat' dir='ltr'><strong>narratio</strong></span> <span class='ocrx_word' id='word_1_174' title='bbox 983 2732 1169 2821; x_wconf 82' lang='lat' dir='ltr'><strong>excipienda</strong></span> <span class='ocrx_word' id='word_1_175' title='bbox 1190 2743 1252 2816; x_wconf 88' lang='lat' dir='ltr'><strong>est,</strong></span> <span class='ocrx_word' id='word_1_176' title='bbox 1275 2756 1346 2800; x_wconf 80' lang='lat' dir='ltr'><strong>cerm</strong></span> <span class='ocrx_word' id='word_1_177' title='bbox 1370 2734 1481 2822; x_wconf 81' lang='lat' dir='ltr'><strong>viginti</strong></span> 
     </span>
     <span class='ocr_line' id='line_1_21' title="bbox 310 2839 1485 2930; baseline -0.002 -22"><span class='ocrx_word' id='word_1_178' title='bbox 310 2842 399 2908; x_wconf 89' lang='lat' dir='ltr'><strong>aunis</strong></span> <span class='ocrx_word' id='word_1_179' title='bbox 426 2851 501 2930; x_wconf 88' lang='lat' dir='ltr'><strong>post</strong></span> <span class='ocrx_word' id='word_1_180' title='bbox 527 2841 774 2907; x_wconf 87' lang='lat' dir='ltr'><strong>coniurationem</strong></span> <span class='ocrx_word' id='word_1_181' title='bbox 803 2841 981 2929; x_wconf 87' lang='lat' dir='ltr'><strong>scripserit;</strong></span> <span class='ocrx_word' id='word_1_182' title='bbox 1014 2841 1041 2907; x_wconf 90' lang='lat' dir='ltr'><strong>si</strong></span> <span class='ocrx_word' id='word_1_183' title='bbox 1069 2863 1088 2906; x_wconf 91' lang='lat' dir='ltr'><strong>a</strong></span> <span class='ocrx_word' id='word_1_184' title='bbox 1114 2843 1227 2908; x_wconf 82' lang='lat' dir='ltr'><strong>ceteris</strong></span> <span class='ocrx_word' id='word_1_185' title='bbox 1256 2841 1391 2908; x_wconf 88' lang='lat' dir='ltr'><strong>testibus</strong></span> <span class='ocrx_word' id='word_1_186' title='bbox 1419 2839 1485 2906; x_wconf 90' lang='lat' dir='ltr'><strong>dia·</strong></span> 
     </span>
     <span class='ocr_line' id='line_1_22' title="bbox 310 2947 1485 3036; baseline 0 -22"><span class='ocrx_word' id='word_1_187' title='bbox 310 2956 432 3036; x_wconf 86' lang='lat' dir='ltr'><strong>crepat,</strong></span> <span class='ocrx_word' id='word_1_188' title='bbox 463 2971 501 3014; x_wconf 92' lang='lat' dir='ltr'><strong>ea</strong></span> <span class='ocrx_word' id='word_1_189' title='bbox 527 2971 608 3035; x_wconf 90' lang='lat' dir='ltr'><strong>quae</strong></span> <span class='ocrx_word' id='word_1_190' title='bbox 636 2957 755 3030; x_wconf 82' lang='lat' dir='ltr'><strong>namot,</strong></span> <span class='ocrx_word' id='word_1_191' title='bbox 788 2947 1008 3014; x_wconf 80' lang='lat' dir='ltr'><strong>indubitabilis</strong></span> <span class='ocrx_word' id='word_1_192' title='bbox 1034 2971 1096 3013; x_wconf 91' lang='lat' dir='ltr'><strong>non</strong></span> <span class='ocrx_word' id='word_1_193' title='bbox 1124 2957 1211 3030; x_wconf 90' lang='lat' dir='ltr'><strong>sunt,</strong></span> <span class='ocrx_word' id='word_1_194' title='bbox 1242 2948 1303 3014; x_wconf 91' lang='lat' dir='ltr'><strong>nisi</strong></span> <span class='ocrx_word' id='word_1_195' title='bbox 1327 2969 1366 3014; x_wconf 93' lang='lat' dir='ltr'><strong>eo</strong></span> <span class='ocrx_word' id='word_1_196' title='bbox 1388 2969 1485 3029; x_wconf 91' lang='lat' dir='ltr'><strong>auno,</strong></span> 
     </span>
     <span class='ocr_line' id='line_1_23' title="bbox 223 3045 1485 3143; baseline 0 -23"><span class='ocrx_word' id='word_1_197' title='bbox 223 3045 225 3050; x_wconf 40' lang='lat'><strong>¹</strong></span> <span class='ocrx_word' id='word_1_198' title='bbox 311 3077 373 3143; x_wconf 90' lang='lat' dir='ltr'><strong>qno</strong></span> <span class='ocrx_word' id='word_1_199' title='bbox 400 3055 481 3121; x_wconf 87' lang='lat' dir='ltr'><strong>liber</strong></span> <span class='ocrx_word' id='word_1_200' title='bbox 507 3053 661 3121; x_wconf 86' lang='lat' dir='ltr'><strong>edebatur</strong></span> <span class='ocrx_word' id='word_1_201' title='bbox 688 3055 838 3143; x_wconf 68' lang='lat' dir='ltr'><strong>(illlis)</strong></span> <span class='ocrx_word' id='word_1_202' title='bbox 862 3054 952 3120; x_wconf 87' lang='lat' dir='ltr'><strong>facilc</strong></span> <span class='ocrx_word' id='word_1_203' title='bbox 976 3053 1015 3120; x_wconf 86' lang='lat' dir='ltr'><strong>ab</strong></span> <span class='ocrx_word' id='word_1_204' title='bbox 1038 3053 1261 3120; x_wconf 84' lang='lat' dir='ltr'><strong>surditioribus</strong></span> <span class='ocrx_word' id='word_1_205' title='bbox 1283 3054 1407 3122; x_wconf 86' lang='lat' dir='ltr'><strong>civibus</strong></span> <span class='ocrx_word' id='word_1_206' title='bbox 1429 3076 1485 3120; x_wconf 87' lang='lat' dir='ltr'><strong>ex-</strong></span> 
     </span>
     <span class='ocr_line' id='line_1_24' title="bbox 309 3159 1486 3250; baseline 0 -23"><span class='ocrx_word' id='word_1_207' title='bbox 309 3161 425 3250; x_wconf 87' lang='lat' dir='ltr'><strong>plorari</strong></span> <span class='ocrx_word' id='word_1_208' title='bbox 456 3169 612 3250; x_wconf 85' lang='lat' dir='ltr'><strong>poteraut</strong></span> <span class='ocrx_word' id='word_1_209' title='bbox 658 3159 795 3227; x_wconf 86' lang='lat' dir='ltr'><strong>Senatus</strong></span> <span class='ocrx_word' id='word_1_210' title='bbox 827 3161 972 3228; x_wconf 88' lang='lat' dir='ltr'><strong>consulta</strong></span> <span class='ocrx_word' id='word_1_211' title='bbox 1006 3161 1114 3248; x_wconf 84' lang='lat' dir='ltr'><strong>igitur,</strong></span> <span class='ocrx_word' id='word_1_212' title='bbox 1147 3183 1227 3248; x_wconf 81' lang='lat' dir='ltr'><strong>quae</strong></span> <span class='ocrx_word' id='word_1_213' title='bbox 1260 3160 1378 3228; x_wconf 88' lang='lat' dir='ltr'><strong>tradita</strong></span> <span class='ocrx_word' id='word_1_214' title='bbox 1411 3171 1486 3228; x_wconf 88' lang='lat' dir='ltr'><strong>sunt</strong></span> 
     </span>
     <span class='ocr_line' id='line_1_25' title="bbox 310 3266 1487 3356; baseline 0 -22"><span class='ocrx_word' id='word_1_215' title='bbox 310 3267 394 3356; x_wconf 86' lang='lat' dir='ltr'><strong>apud</strong></span> <span class='ocrx_word' id='word_1_216' title='bbox 417 3290 504 3349; x_wconf 89' lang='lat' dir='ltr'><strong>enm,</strong></span> <span class='ocrx_word' id='word_1_217' title='bbox 535 3269 657 3334; x_wconf 87' lang='lat' dir='ltr'><strong>etiamsi</strong></span> <span class='ocrx_word' id='word_1_218' title='bbox 681 3277 858 3356; x_wconf 81' lang='lat' dir='ltr'><strong>temporum</strong></span> <span class='ocrx_word' id='word_1_219' title='bbox 887 3266 966 3334; x_wconf 85' lang='lat' dir='ltr'><strong>ordo</strong></span> <span class='ocrx_word' id='word_1_220' title='bbox 993 3267 1150 3334; x_wconf 88' lang='lat' dir='ltr'><strong>interdurn</strong></span> <span class='ocrx_word' id='word_1_221' title='bbox 1176 3277 1316 3334; x_wconf 87' lang='lat' dir='ltr'><strong>mutatus</strong></span> <span class='ocrx_word' id='word_1_222' title='bbox 1344 3269 1400 3350; x_wconf 87' lang='lat' dir='ltr'><strong>sit,</strong></span> <span class='ocrx_word' id='word_1_223' title='bbox 1431 3291 1487 3334; x_wconf 89' lang='lat' dir='ltr'><strong>an-</strong></span> 
     </span>
     <span class='ocr_line' id='line_1_26' title="bbox 311 3372 1487 3463; baseline 0 -23"><span class='ocrx_word' id='word_1_224' title='bbox 311 3373 457 3441; x_wconf 85' lang='lat' dir='ltr'><strong>tlrentieis</strong></span> <span class='ocrx_word' id='word_1_225' title='bbox 484 3397 502 3440; x_wconf 95' lang='lat' dir='ltr'><strong>e</strong></span> <span class='ocrx_word' id='word_1_226' title='bbox 525 3374 641 3440; x_wconf 86' lang='lat' dir='ltr'><strong>tabulis</strong></span> <span class='ocrx_word' id='word_1_227' title='bbox 663 3383 812 3463; x_wconf 86' lang='lat' dir='ltr'><strong>excerpta</strong></span> <span class='ocrx_word' id='word_1_228' title='bbox 834 3383 923 3456; x_wconf 86' lang='lat' dir='ltr'><strong>sunt;</strong></span> <span class='ocrx_word' id='word_1_229' title='bbox 946 3372 1055 3440; x_wconf 91' lang='lat' dir='ltr'><strong>cadem</strong></span> <span class='ocrx_word' id='word_1_230' title='bbox 1078 3373 1119 3440; x_wconf 92' lang='lat' dir='ltr'><strong>de</strong></span> <span class='ocrx_word' id='word_1_231' title='bbox 1143 3397 1236 3442; x_wconf 88' lang='lat' dir='ltr'><strong>eausa</strong></span> <span class='ocrx_word' id='word_1_232' title='bbox 1260 3373 1355 3442; x_wconf 83' lang='lat' dir='ltr'><strong>index</strong></span> <span class='ocrx_word' id='word_1_233' title='bbox 1378 3377 1487 3442; x_wconf 88' lang='lat' dir='ltr'><strong>conin-</strong></span> 
     </span>
     <span class='ocr_line' id='line_1_27' title="bbox 310 3479 1486 3569; baseline 0.001 -22"><span class='ocrx_word' id='word_1_234' title='bbox 310 3489 462 3563; x_wconf 84' lang='lat' dir='ltr'><strong>ratonrm,</strong></span> <span class='ocrx_word' id='word_1_235' title='bbox 501 3481 555 3568; x_wconf 88' lang='lat' dir='ltr'><strong>qni</strong></span> <span class='ocrx_word' id='word_1_236' title='bbox 593 3503 633 3546; x_wconf 90' lang='lat' dir='ltr'><strong>ex</strong></span> <span class='ocrx_word' id='word_1_237' title='bbox 665 3481 971 3548; x_wconf 79' lang='lat' dir='ltr'><strong>senatusconsulto</strong></span> <span class='ocrx_word' id='word_1_238' title='bbox 1003 3479 1043 3548; x_wconf 92' lang='lat' dir='ltr'><strong>dc</strong></span> <span class='ocrx_word' id='word_1_239' title='bbox 1078 3483 1189 3569; x_wconf 87' lang='lat' dir='ltr'><strong>poeuis</strong></span> <span class='ocrx_word' id='word_1_240' title='bbox 1223 3503 1331 3548; x_wconf 82' lang='lat' dir='ltr'><strong>eonem</strong></span> <span class='ocrx_word' id='word_1_241' title='bbox 1366 3490 1486 3548; x_wconf 88' lang='lat' dir='ltr'><strong>tractus</strong></span> 
     </span>
     <span class='ocr_line' id='line_1_28' title="bbox 311 3586 1593 3686; baseline 0 -32"><span class='ocrx_word' id='word_1_242' title='bbox 311 3586 437 3654; x_wconf 70' lang='lat' dir='ltr'><strong>videtin</strong></span> <span class='ocrx_word' id='word_1_243' title='bbox 458 3611 539 3669; x_wconf 89' lang='lat' dir='ltr'><strong>esse,</strong></span> <span class='ocrx_word' id='word_1_244' title='bbox 561 3587 738 3676; x_wconf 90' lang='lat' dir='ltr'><strong>completus</strong></span> <span class='ocrx_word' id='word_1_245' title='bbox 760 3597 810 3654; x_wconf 91' lang='lat' dir='ltr'><strong>cst</strong></span> <span class='ocrx_word' id='word_1_246' title='bbox 832 3593 910 3675; x_wconf 77' lang='lat' dir='ltr'><strong>(rap.</strong></span> <span class='ocrx_word' id='word_1_247' title='bbox 928 3591 989 3673; x_wconf 66' lang='lat' dir='ltr'><strong>lit</strong></span> <span class='ocrx_word' id='word_1_248' title='bbox 1034 3587 1164 3654; x_wconf 87' lang='lat' dir='ltr'><strong>Accidit</strong></span> <span class='ocrx_word' id='word_1_249' title='bbox 1177 3588 1282 3670; x_wconf 80' lang='lat' dir='ltr'><strong>etiarn,</strong></span> <span class='ocrx_word' id='word_1_250' title='bbox 1303 3597 1340 3653; x_wconf 88' lang='lat' dir='ltr'><strong>ut</strong></span> <span class='ocrx_word' id='word_1_251' title='bbox 1354 3588 1487 3654; x_wconf 87' lang='lat' dir='ltr'><strong>authen·</strong></span> <span class='ocrx_word' id='word_1_252' title='bbox 1586 3670 1593 3686; x_wconf 28' lang='grc' dir='ltr'>ι</span> 
     </span>
     <span class='ocr_line' id='line_1_29' title="bbox 311 3693 1593 3784; baseline 0.002 -26"><span class='ocrx_word' id='word_1_253' title='bbox 311 3694 387 3777; x_wconf 87' lang='lat' dir='ltr'><strong>tica,</strong></span> <span class='ocrx_word' id='word_1_254' title='bbox 417 3715 499 3782; x_wconf 88' lang='lat' dir='ltr'><strong>qnae</strong></span> <span class='ocrx_word' id='word_1_255' title='bbox 526 3693 633 3775; x_wconf 79' lang='lat' dir='ltr'><strong>affert,</strong></span> <span class='ocrx_word' id='word_1_256' title='bbox 664 3693 753 3760; x_wconf 88' lang='lat' dir='ltr'><strong>velut</strong></span> <span class='ocrx_word' id='word_1_257' title='bbox 779 3693 936 3760; x_wconf 87' lang='lat' dir='ltr'><strong>Catilinae</strong></span> <span class='ocrx_word' id='word_1_258' title='bbox 964 3693 1113 3782; x_wconf 87' lang='lat' dir='ltr'><strong>epistrda,</strong></span> <span class='ocrx_word' id='word_1_259' title='bbox 1143 3695 1243 3784; x_wconf 88' lang='lat' dir='ltr'><strong>ipsius</strong></span> <span class='ocrx_word' id='word_1_260' title='bbox 1276 3695 1486 3760; x_wconf 76' lang='lat' dir='ltr'><strong>nan-ationem</strong></span> <span class='ocrx_word' id='word_1_261' title='bbox 1589 3767 1593 3778; x_wconf 48' lang='grc'><strong>,</strong></span> 
     </span>
     <span class='ocr_line' id='line_1_30' title="bbox 312 3799 1487 3890; baseline 0 -23"><span class='ocrx_word' id='word_1_262' title='bbox 312 3801 456 3867; x_wconf 65' lang='lat' dir='ltr'><strong>refutem</strong></span> <span class='ocrx_word' id='word_1_263' title='bbox 510 3799 677 3866; x_wconf 84' lang='lat' dir='ltr'><strong>Interdum</strong></span> <span class='ocrx_word' id='word_1_264' title='bbox 711 3799 880 3867; x_wconf 86' lang='lat' dir='ltr'><strong>Sallustius</strong></span> <span class='ocrx_word' id='word_1_265' title='bbox 914 3801 984 3889; x_wconf 86' lang='lat' dir='ltr'><strong>ipse</strong></span> <span class='ocrx_word' id='word_1_266' title='bbox 1018 3801 1194 3882; x_wconf 80' lang='lat' dir='ltr'><strong>vocabulis,</strong></span> <span class='ocrx_word' id='word_1_267' title='bbox 1227 3823 1308 3890; x_wconf 86' lang='lat' dir='ltr'><strong>qnae</strong></span> <span class='ocrx_word' id='word_1_268' title='bbox 1342 3810 1487 3890; x_wconf 84' lang='lat' dir='ltr'><strong>usurpat,</strong></span> 
     </span>
     <span class='ocr_line' id='line_1_31' title="bbox 312 3905 1486 3988; baseline 0.002 -16"><span class='ocrx_word' id='word_1_269' title='bbox 312 3915 484 3974; x_wconf 80' lang='lat' dir='ltr'><strong>monstrare</strong></span> <span class='ocrx_word' id='word_1_270' title='bbox 517 3905 657 3988; x_wconf 88' lang='lat' dir='ltr'><strong>videtur,</strong></span> <span class='ocrx_word' id='word_1_271' title='bbox 688 3905 920 3974; x_wconf 87' lang='lat' dir='ltr'><strong>cohaerentiam</strong></span> <span class='ocrx_word' id='word_1_272' title='bbox 954 3907 985 3972; x_wconf 90' lang='lat' dir='ltr'><strong>in</strong></span> <span class='ocrx_word' id='word_1_273' title='bbox 1016 3907 1097 3975; x_wconf 90' lang='lat' dir='ltr'><strong>libro</strong></span> <span class='ocrx_word' id='word_1_274' title='bbox 1132 3931 1191 3974; x_wconf 91' lang='lat' dir='ltr'><strong>suo</strong></span> <span class='ocrx_word' id='word_1_275' title='bbox 1225 3909 1376 3974; x_wconf 87' lang='lat' dir='ltr'><strong>minorem</strong></span> <span class='ocrx_word' id='word_1_276' title='bbox 1407 3929 1486 3974; x_wconf 86' lang='lat' dir='ltr'><strong>csse.</strong></span> 
     </span>
     <span class='ocr_line' id='line_1_32' title="bbox 312 4012 1486 4104; baseline 0 -24"><span class='ocrx_word' id='word_1_277' title='bbox 312 4012 426 4080; x_wconf 77' lang='lat' dir='ltr'><strong>Stridet</strong></span> <span class='ocrx_word' id='word_1_278' title='bbox 448 4014 531 4080; x_wconf 89' lang='lat' dir='ltr'><strong>enim</strong></span> <span class='ocrx_word' id='word_1_279' title='bbox 555 4015 717 4080; x_wconf 83' lang='lat' dir='ltr'><strong>materiam</strong></span> <span class='ocrx_word' id='word_1_280' title='bbox 741 4036 830 4080; x_wconf 87' lang='lat' dir='ltr'><strong>suam</strong></span> <span class='ocrx_word' id='word_1_281' title='bbox 853 4015 886 4080; x_wconf 89' lang='lat' dir='ltr'><strong>in</strong></span> <span class='ocrx_word' id='word_1_282' title='bbox 908 4037 1002 4080; x_wconf 81' lang='lat' dir='ltr'><strong>cursu</strong></span> <span class='ocrx_word' id='word_1_283' title='bbox 1020 4015 1254 4095; x_wconf 88' lang='lat' dir='ltr'><strong>coniurationis,</strong></span> <span class='ocrx_word' id='word_1_284' title='bbox 1276 4013 1401 4100; x_wconf 87' lang='lat' dir='ltr'><strong>qualem</strong></span> <span class='ocrx_word' id='word_1_285' title='bbox 1417 4016 1486 4104; x_wconf 89' lang='lat' dir='ltr'><strong>ipse</strong></span> 
     </span>
     <span class='ocr_line' id='line_1_33' title="bbox 312 4119 1487 4209; baseline 0.003 -23"><span class='ocrx_word' id='word_1_286' title='bbox 312 4143 379 4186; x_wconf 87' lang='lat' dir='ltr'><strong>earn</strong></span> <span class='ocrx_word' id='word_1_287' title='bbox 402 4121 537 4209; x_wconf 74' lang='lat' dir='ltr'><strong>putarit,</strong></span> <span class='ocrx_word' id='word_1_288' title='bbox 558 4129 633 4208; x_wconf 86' lang='lat' dir='ltr'><strong>apte</strong></span> <span class='ocrx_word' id='word_1_289' title='bbox 655 4119 819 4202; x_wconf 86' lang='lat' dir='ltr'><strong>collocare,</strong></span> <span class='ocrx_word' id='word_1_290' title='bbox 842 4143 912 4186; x_wconf 88' lang='lat' dir='ltr'><strong>cnm</strong></span> <span class='ocrx_word' id='word_1_291' title='bbox 936 4143 976 4188; x_wconf 88' lang='lat' dir='ltr'><strong>ex</strong></span> <span class='ocrx_word' id='word_1_292' title='bbox 995 4143 1032 4187; x_wconf 86' lang='lat' dir='ltr'><strong>ea</strong></span> <span class='ocrx_word' id='word_1_293' title='bbox 1054 4121 1184 4187; x_wconf 89' lang='lat' dir='ltr'><strong>materia</strong></span> <span class='ocrx_word' id='word_1_294' title='bbox 1206 4142 1317 4186; x_wconf 91' lang='lat' dir='ltr'><strong>cursus</strong></span> <span class='ocrx_word' id='word_1_295' title='bbox 1331 4123 1487 4189; x_wconf 89' lang='lat' dir='ltr'><strong>constitu·</strong></span> 
     </span>
     <span class='ocr_line' id='line_1_34' title="bbox 313 4225 1487 4316; baseline 0.002 -22"><span class='ocrx_word' id='word_1_296' title='bbox 313 4225 412 4294; x_wconf 84' lang='lat' dir='ltr'><strong>endas</strong></span> <span class='ocrx_word' id='word_1_297' title='bbox 435 4235 528 4294; x_wconf 77' lang='lat' dir='ltr'><strong>esset.</strong></span> <span class='ocrx_word' id='word_1_298' title='bbox 574 4226 651 4307; x_wconf 79' lang='lat' dir='ltr'><strong>Quo</strong></span> <span class='ocrx_word' id='word_1_299' title='bbox 673 4226 789 4293; x_wconf 83' lang='lat' dir='ltr'><strong>laotrnrr</strong></span> <span class='ocrx_word' id='word_1_300' title='bbox 812 4237 874 4309; x_wconf 87' lang='lat' dir='ltr'><strong>est,</strong></span> <span class='ocrx_word' id='word_1_301' title='bbox 903 4237 940 4294; x_wconf 90' lang='lat' dir='ltr'><strong>nt</strong></span> <span class='ocrx_word' id='word_1_302' title='bbox 962 4228 993 4294; x_wconf 92' lang='lat' dir='ltr'><strong>in</strong></span> <span class='ocrx_word' id='word_1_303' title='bbox 1017 4227 1212 4316; x_wconf 88' lang='lat' dir='ltr'><strong>terrrporibus</strong></span> <span class='ocrx_word' id='word_1_304' title='bbox 1235 4249 1330 4315; x_wconf 85' lang='lat' dir='ltr'><strong>saepe</strong></span> <span class='ocrx_word' id='word_1_305' title='bbox 1354 4239 1487 4310; x_wconf 58' lang='grc' dir='ltr'><strong>οπως</strong></span> 
     </span>
     <span class='ocr_line' id='line_1_35' title="bbox 313 4333 1488 4424; baseline 0.003 -27"><span class='ocrx_word' id='word_1_306' title='bbox 313 4333 365 4422; x_wconf 81' lang='lat' dir='ltr'><strong>qui</strong></span> <span class='ocrx_word' id='word_1_307' title='bbox 388 4357 460 4400; x_wconf 88' lang='lat' dir='ltr'><strong>enm</strong></span> <span class='ocrx_word' id='word_1_308' title='bbox 483 4333 655 4402; x_wconf 81' lang='lat' dir='ltr'><strong>defendere</strong></span> <span class='ocrx_word' id='word_1_309' title='bbox 678 4335 822 4424; x_wconf 90' lang='lat' dir='ltr'><strong>cnpinut,</strong></span> <span class='ocrx_word' id='word_1_310' title='bbox 850 4335 933 4400; x_wconf 89' lang='lat' dir='ltr'><strong>serio</strong></span> <span class='ocrx_word' id='word_1_311' title='bbox 961 4333 1130 4417; x_wconf 77' lang='lat' dir='ltr'><strong>affimant,</strong></span> <span class='ocrx_word' id='word_1_312' title='bbox 1155 4333 1301 4400; x_wconf 75' lang='lat' dir='ltr'><strong>consdto</strong></span> <span class='ocrx_word' id='word_1_313' title='bbox 1323 4357 1395 4408; x_wconf 87' lang='lat' dir='ltr'><strong>crrrn</strong></span> <span class='ocrx_word' id='word_1_314' title='bbox 1418 4359 1488 4402; x_wconf 80' lang='lat' dir='ltr'><strong>mre·</strong></span> 
     </span>
    </p>
   </div>
   <div class='ocr_carea' id='block_1_3' title="bbox 0 0 1671 5120">
    <p class='ocr_par' dir='ltr' id='par_1_3' title="bbox 0 0 1671 5120">
     <span class='ocr_line' id='line_1_36' title="bbox 0 0 1671 5120; baseline 0 0"><span class='ocrx_word' id='word_1_315' title='bbox 0 0 1671 5120; x_wconf 95' lang='lat' dir='ltr'><strong> </strong></span> 
     </span>
    </p>
   </div>
  </div>
 </body>
</html>
