3308 5120
280 754 285 762 ’
341 759 419 826 bant
450 779 552 845 neque
580 755 648 822 illas
680 763 785 844 partes
808 754 872 819 ullo
905 754 1000 820 modo
1031 753 1188 820 curabunt
1231 754 1344 843 Itaque
1376 757 1442 822 otio
1477 765 1511 824 et

342 863 535 954 producendi
567 861 673 929 studio
708 860 876 940 Sallustius
908 861 1060 948 impulsus
1095 871 1160 942 est,
1193 871 1227 926 nt
1258 863 1418 928 scriberet
1464 863 1511 930 Et

342 969 527 1038 rrrultimoda
549 969 695 1049 eruditio,
717 977 750 1032 et
773 967 877 1032 nobile
900 966 1048 1048 studium,
1071 976 1104 1033 et
1122 1007 1162 1016 -
1179 968 1379 1056 profiteamur
1401 967 1511 1050 libere,
1589 1055 1591 1060 Ι

303 1109 306 1116 ·
342 1076 427 1165 qnod
449 1098 594 1142 crescens
624 1071 846 1140 inscribendo
877 1073 976 1138 virtus
1006 1073 1099 1139 huius
1123 1073 1192 1140 libri
1222 1084 1255 1140 ct
1283 1075 1383 1162 nangis
1413 1075 1510 1142 etiam

342 1183 505 1249 maturitas
536 1191 648 1271 postea
679 1179 833 1246 editorum
863 1178 1078 1246 ‹lemnustraut
1101 1219 1142 1230 —
1166 1204 1287 1246 summo
1318 1179 1440 1248 indoles
1468 1181 1511 1248 nd

342 1287 542 1356 scribendum
566 1310 637 1353 enm
660 1284 867 1352 adduxerunt.
912 1285 985 1351 Nou
1017 1309 1098 1374 opus
1120 1296 1168 1353 cst
1190 1287 1361 1376 explicare,
1391 1299 1512 1375 quanto

342 1399 375 1462 iu
397 1418 502 1462 errore
526 1394 709 1482 plexumque
732 1392 783 1458 vel
805 1392 1008 1458 eruditissimi
1031 1392 1181 1473 homiues,
1203 1394 1229 1458 si
1254 1394 1406 1484 inexperti
1426 1405 1512 1476 sunt,
1606 1391 1612 1400 ’

342 1502 382 1568 de
409 1501 596 1567 difficultate
622 1499 773 1565 historiae
802 1497 985 1564 scribendae
1011 1509 1188 1578 cementum
1219 1499 1312 1566 ctiam
1341 1499 1512 1568 Sallustius

343 1609 477 1696 putavit,
509 1630 544 1673 se
574 1629 639 1671 rem
670 1615 734 1671 tem
767 1605 932 1670 obscuram
965 1607 1032 1670 siue
1065 1606 1298 1693 praeparatione
1330 1605 1511 1674 describere

342 1737 446 1802 posse,
477 1715 552 1801 quin
573 1733 722 1801 praesens
745 1735 813 1778 eum
839 1711 979 1778 vidisset.
1024 1709 1088 1778 Sed
1116 1713 1343 1778 sincerissimus
1375 1713 1510 1800 quisque
1564 1794 1567 1800 Ι

343 1821 401 1902 vir,
432 1821 485 1909 qui
510 1818 734 1907 rempublicam
763 1840 855 1905 agere
887 1816 983 1884 desiit
1004 1827 1037 1882 et
1059 1818 1283 1884 ruerunt-antlia
1311 1841 1368 1884 eno
1391 1819 1511 1898 scribit,

342 1928 375 1993 in
398 1925 567 1994 scribendo
589 1926 708 1990 invitus
732 1925 778 1990 ira
801 1935 834 1990 et
856 1924 962 1990 studio
984 1923 1119 2006 ducitur,
1139 1924 1200 1990 hoe
1219 1923 1360 1992 Sallustii
1383 1946 1511 2013 quoqne

343 2032 464 2100 elibro
486 2040 627 2120 apparet,
659 2033 862 2118 quantumvis
886 2029 919 2095 id
942 2031 1044 2098 celem
1067 2030 1230 2097 studuerit
1276 2030 1405 2098 Medius
1428 2032 1513 2098 inter

343 2151 449 2228 partes
473 2161 544 2205 esse
567 2138 627 2205 sibi
650 2139 825 2227 proposuit,
857 2136 913 2204 sed
938 2147 1078 2204 uenirem
1101 2137 1187 2204 furca
1209 2137 1358 2226 expelles,
1386 2160 1514 2226 semper

344 2245 472 2328 redibit-3
504 2243 638 2326 Caesar,
669 2245 719 2309 eui
743 2245 910 2309 maximam
936 2247 1069 2332 gratiam
1097 2243 1228 2326 debeat,
1258 2243 1317 2312 lrao
1347 2247 1379 2312 io
1403 2267 1436 2312 re
1467 2247 1513 2312 ita

344 2352 513 2442 implicitus
529 2361 606 2433 crat,
627 2361 664 2416 ut
686 2350 763 2416 nihil
778 2349 903 2416 lucilius
926 2349 967 2416 nd
987 2353 1054 2416 eins
1069 2351 1269 2438 ignominiam
1291 2353 1372 2418 verti
1393 2363 1514 2442 posset.

345 2462 413 2525 Ant
434 2461 552 2548 pietas,
578 2465 633 2523 ant
656 2457 773 2522 veritas
795 2454 951 2522 laedenda
973 2466 1054 2538 ernt;
1077 2456 1243 2524 Sallustius
1267 2467 1433 2546 utrumque
1456 2482 1514 2524 no-

344 2566 411 2648 luit,
427 2576 460 2632 et
469 2568 514 2632 ita
523 2565 604 2650 liber
612 2566 680 2632 eius
690 2555 905 2630 difficultatem
916 2563 1156 2652 insuperabilem
1166 2585 1313 2653 superare
1324 2585 1386 2632 non
1399 2567 1514 2654 poturit.

450 2672 568 2738 Totum
592 2673 688 2758 igitur
710 2671 839 2738 Salustii
863 2693 943 2759 opus
968 2671 1092 2736 videtur
1113 2673 1271 2758 specimen
1292 2671 1477 2738 historicum
1486 2675 1514 2758 *)

344 2802 424 2844 esse.
469 2779 564 2844 Ratio
587 2787 637 2844 est
658 2777 821 2858 historice,
852 2775 937 2864 qnod
960 2776 1001 2842 ad
1023 2779 1197 2858 materiam,
1228 2776 1395 2860 rhetorica,
1427 2777 1514 2867 quod

344 2885 384 2951 nd
413 2886 535 2967 stilum,
565 2884 709 2972 politica,
740 2882 825 2970 qnod
853 2882 893 2948 nd
921 2885 1107 2950 sententiam
1130 2885 1250 2950 attinet
1294 2884 1516 2950 Praeiudimtn

344 2991 497 3080 ‹liraednm
521 2991 629 3079 opinio
652 2991 758 3078 negari
781 3013 844 3056 uon
872 2999 991 3078 potest,
1023 2988 1080 3056 sed
1108 3013 1176 3056 eam
1198 2989 1365 3057 Sallustius
1389 2991 1516 3057 vincere

345 3099 481 3164 tentavit
514 3097 641 3185 quidem
676 3107 710 3163 et
742 3097 871 3185 cupivit
931 3096 1036 3184 Magis
1070 3097 1198 3178 erravit,
1231 3095 1316 3184 quod
1350 3098 1516 3186 proposito

308 3206 312 3214 '
345 3204 528 3271 satisfacere
551 3227 613 3269 non
633 3204 746 3292 potuit,
769 3225 861 3291 quum
877 3202 963 3289 qnod
978 3204 1088 3284 noluit,
1110 3205 1170 3269 tiro
1184 3203 1267 3270 enim
1282 3202 1517 3292 quodammodo

346 3311 513 3377 historiens
542 3319 617 3376 erat
663 3310 730 3389 Qui
757 3319 858 3376 totum
885 3309 998 3376 librum
1027 3310 1201 3397 promiscue
1228 3319 1369 3393 tuentur,
1396 3311 1518 3400 cognei-

299 3503 301 3508 ⁸
346 3425 443 3484 tatem
465 3417 609 3507 profecto
632 3416 751 3482 fnestra
773 3414 1008 3504 impenderunt,
1040 3415 1096 3482 sed
1126 3439 1143 3483 e
1170 3417 1326 3482 coutnrrio
1348 3416 1517 3484 ridiculum

346 3535 396 3590 est
424 3523 567 3605 eredere,
597 3523 737 3589 libellum
767 3521 861 3588 foedo
890 3523 1026 3610 partirmr
1057 3521 1161 3589 studio
1190 3524 1427 3602 inservientem,
1458 3547 1518 3612 per

346 3631 471 3696 saecula
492 3630 664 3718 legentium
695 3629 814 3696 animos
844 3627 1062 3696 delectavisse.
1107 3625 1203 3696 Liber
1231 3652 1293 3697 nou
1322 3629 1430 3718 plene,
1458 3629 1517 3696 sed

347 3740 513 3826 praecipue
537 3737 705 3802 historiens
727 3735 890 3802 habendus
918 3746 981 3817 est,
1012 3747 1045 3802 et
1067 3736 1095 3802 si
1130 3737 1291 3803 uobiscum
1320 3745 1519 3825 reputamus,

346 3846 454 3932 quanti
479 3844 629 3910 momenti
653 3843 710 3923 sit,
735 3865 839 3908 mores
862 3843 974 3909 aetatis
998 3841 1081 3908 illins
1103 3865 1304 3932 cognoscere,
1331 3842 1517 3910 Sallustium

347 3973 410 4016 una
432 3973 503 4016 eum
525 3949 639 4018 Tacito
662 3973 787 4037 semper
808 3947 1039 4016 admirabimur.

348 4097 614 4107 *mon—n·—

455 4149 479 4216 *)
497 4145 676 4202 historischer
695 4145 790 4218 Pasas.

724 4329 1129 4363 ...advo—...-
