3274 5032
303 232 305 234 Ι
584 218 630 240 ,Η
694 218 703 238 ¹
741 216 784 240 m
878 214 919 238 Ι,
948 209 1598 237 ,ΠΙ-..Ἣ
1599 215 1602 224 .

682 481 859 549 .·.·.·47.·.·

129 641 321 728 sumpserit,
340 640 530 708 Ciceronem
552 637 703 704 metn'ac
734 641 857 704 terrore
891 636 1040 702 senatum
1073 629 1289 702 commouisse
1319 635 1427 720 atqud‘

130 744 346 830 persuasisse,
368 748 404 810 ut
426 741 615 811 coniuratos
636 741 801 828 supplicio
825 742 1092 823 alliceretcerto
1120 737 1188 804 dici
1211 757 1276 803 aon
1299 727 1421 825 potest.

130 845 228 912 Haud
263 847 330 914 scio
364 865 407 912 aa
445 843 509 911 Dio
542 843 613 930 ipse
645 841 809 911 Ciceronis
840 843 1021 911 orationem
1050 840 1106 908 ΙΙΙ.
1138 841 1172 906 in
1201 840 1272 906 Cat.
1303 839 1421 925 legerit

128 954 162 1016 et
184 948 321 1032 legendo
346 947 429 1014 hane
451 945 568 1014 falsam
594 945 784 1032 opinionem
810 945 875 1012 sihi
912 943 1053 1012 finxerit
1097 941 1160 1011 Sed
1189 941 1261 1010 lieri
1290 962 1420 1030 quoque

129 1055 254 1142 potest,
270 1057 306 1117 ut
327 1049 392 1118 Dio
414 1047 503 1135 apud
518 1047 639 1114 fontem
655 1067 750 1113 suum
767 1043 953 1131 (Lisiuml)
969 1045 1137 1113 invenerit
1151 1064 1301 1112 rumores
1316 1043 1421 1112 male·'

130 1152 221 1220 uolos
243 1154 283 1220 sle
305 1152 472 1233 Cicerone,
494 1169 577 1236 quos
599 1146 639 1216 ad
664 1147 838 1216 historiam
862 1147 1098 1216 coniurationis
1119 1148 1337 1215 enarrandam
1358 1147 1422 1214 ad·
1469 1205 1474 1212 .

129 1255 255 1324 hibuit.
282 1254 373 1335 -Qoos
395 1273 540 1321 rumores
564 1251 813 1338 percrebescore
837 1252 992 1339 potuisse,
1027 1251 1098 1317 eius
1119 1250 1169 1317 rei
1203 1255 1305 1318 testes
1341 1253 1422 1317 sant

129 1357 193 1424 loci
226 1359 313 1446 apud
346 1358 538 1426 Ciceronem
570 1353 672 1439 (canl.
705 1352 772 1421 Cic.
804 1353 948 1442 Philipp.
975 1350 1018 1436 ll,
1040 1351 1060 1431 θ
1083 1353 1231 1430 13-20.;
1254 1359 1290 1420 et
1310 1353 1351 1421 de
1373 1374 1420 1422 or.

134 1463 298 1548 post'red.
320 1463 355 1528 in
379 1484 406 1530 s.
430 1460 461 1529 h.
485 1459 506 1540 ξ
530 1459 606 1544 12).
650 1459 716 1527 Nos
739 1465 850 1528 autem
879 1480 949 1527 rem
984 1458 1019 1526 in
1051 1458 1161 1526 medio
1193 1459 1422 1546 relinquimus,¹

137 1567 284 1652 quamvis
300 1568 344 1649 id,
360 1567 444 1655 quod
462 1589 489 1634 e.
510 1567 562 1634 36.
577 1565 618 1633 D.
634 1573 756 1651 namet,
772 1566 928 1635 Catonem
946 1567 1074 1634 demum
1090 1563 1254 1633 sententia
1267 1583 1328 1632 sua
1343 1556 1425 1632 enei

132 1669 272 1744 cissent
285 1674 386 1737 morte
403 1669 563 1736 coniurati
578 1669 793 1755 allicerentur,
810 1691 885 1738 eum
897 1670 1006 1738 verbis
1017 1668 1288 1738 antecedentibus
1305 1663 1423 1752 ,asirdr
1556 1673 1560 1678 '

135 1769 172 1836 ds
197 1771 282 1854 (scil.
305 1772 463 1858 Κικέρων)
614 1773 719 1840 iussos
747 1771 904 1841 θάνατον
920 1773 997 1854 ,τῶν
1029 1773 1289 1860 συνειλημμένων
1321 1793 1423 1836 κατο-

133 1874 278 1954 γνοῖνοιι“
303 1875 485 1944 consentire
508 1896 572 1942 non
597 1869 749 1943 uideatur
771 1878 882 1966 itaque
903 1878 1009 1961 magis
1025 1875 1124 1946 Dioni
1139 1893 1237 1963 quam
1253 1875 1325 1940 eius
1338 1872 1424 1939 lenti

135 1999 226 2045 error
246 1979 302 2046 ille
323 1979 404 2046 uitio
428 1979 501 2046 (lari
524 1979 638 2067 possit.
682 1978 803 2068 Utique
827 1985 936 2048 autem
956 1978 998 2046 D.
1022 1979 1095 2048 ideo
1111 1983 1161 2046 est
1175 1975 1425 2064 vituperandus,

134 2081 221 2167 qaod
243 2087 481 2162 conmemorat,
503 2081 776 2168 supplicationem
800 2103 872 2150 esse
894 2084 1069 2166 (lactatam,
1092 2102 1167 2149 cum
1195 2080 1332 2148 Catonis
1346 2098 1425 2146 sen·

134 2184 239 2250 tentia
260 2185 392 2252 uicisset
414 2183 538 2269 (canter
560 2183 626 2252 Cic.
651 2185 684 2251 in
706 2183 776 2252 Cat
800 2185 856 2268 ΙΙΙ,
881 2187 940 2262 15;
963 2183 1020 2268 ΙΙΙ,
1046 2182 1121 2270 10.)
1160 2183 1283 2252 Verbis
1304 2181 1425 2252 Dionis

132 2306 206 2372 qaae
227 2288 261 2354 in
283 2286 467 2374 parenthesi
490 2287 601 2374 posuit
624 2284 663 2373 ,t
682 2283 729 2376 με)
756 2283 892 2354 πώποτε
912 2287 967 2355 dni
998 2284 1135 2377 τοιούτῳ
1168 2293 1233 2353 τινὶ
1265 2277 1426 2368 traiani

134 2391 293 2459 contineri
325 2391 454 2459 uidetur
486 2389 656 2458 Ciceronis
687 2392 902 2478 vituperatio.
957 2390 1058 2461 Recte
1091 2389 1131 2457 Ι).
1166 2387 1256 2458 haud
1290 2388 1357 2456 scio
1379 2407 1424 2454 an

134 2500 255 2562 narret:
280 2500 352 2577 ,sai
373 2491 405 2560 oi
426 2493 520 2559 ἄλλοι
537 2491 984 2582 οἷμηνιιοέντεςέζητοῦντο“
1003 2491 1265 2580 (conforment.
1282 2488 1339 2577 ΙΙΙ,
1362 2493 1425 2566 14.;
1501 2483 1503 2486 ⁵
1560 2497 1566 2504 '

134 2597 212 2684 Sall.
234 2619 260 2666 c.
275 2599 327 2680 50,
341 2623 367 2680 ,;
388 2599 445 2664 uhi
463 2599 504 2666 do
518 2598 561 2664 iis
577 2587 761 2666 coniuratis
775 2597 909 2680 dicitur,
932 2598 988 2686 qui
1005 2597 1154 2665 damnati
1169 2596 1304 2684 quidem
1319 2599 1424 2678 eraut,

135 2702 192 2770 sed
208 2699 425 2786 effregerant).
459 2699 578 2769 Verbis
594 2701 636 2786 (c.
651 2699 729 2787 36.):
754 2706 832 2786 „sat
850 2725 939 2780 τινες·
956 2708 1011 2768 καὶ
1035 2702 1089 2768 ἐπὶ
1103 2701 1150 2790 τῷ
1169 2699 1329 2794 μελλῆσαι
1343 2717 1424 2796 aaa

137 2802 315 2893 φρονήσειν
343 2801 453 2882 αὐτοῖς
481 2801 751 2888 ὑποπτευθέντος,
782 2801 995 2888 οὗθιῖνοντο“,
1027 2803 1093 2872 nisi
1116 2803 1223 2890 fallor,
1251 2801 1424 2874 Caesarem

139 2905 180 2973 D.
204 2915 349 2996 spectare
373 2905 506 2974 uidetur
528 2906 655 2991 (confer
677 2906 764 2975 Plut.
780 2905 874 2975 Caes.
889 2928 917 2976 c.
932 2908 974 2992 8,
995 2906 1066 3000 Cat.
1082 2929 1109 2976 a
1125 2906 1204 2996 26).
1234 2907 1426 2979 Deceteris

138 3009 278 3096 (praeter
294 3006 472 3092 Fuluiam),
496 3010 553 3095 qui
567 3009 652 3077 lilios
668 3017 836 3094 necarunt,
857 3010 972 3079 relatio
987 3011 1125 3079 forsitan
1140 3011 1236 3080 valde
1250 3031 1271 3079 a
1285 3011 1426 3079 ueritate

140 3110 326 3202 abhorreat.
363 3109 475 3200 ltaque
498 3132 633 3199 ponam,
655 3135 726 3182 eam
749 3114 793 3182 ad
828 3113 959 3182 Livium
991 3134 1062 3183 csse
1095 3113 1319 3192 referendam
1349 3134 1425 3182 nam

139 3214 196 3281 uix
219 3211 331 3280 Cicero
355 3213 434 3283 haec
456 3236 626 3286 enarrasse
640 3218 750 3306 putari
766 3223 886 3306 potest.
930 3215 967 3286 la
982 3217 1192 3306 sequentibus
1207 3224 1321 3286 autem
1335 3218 1426 3305 capi-

138 3315 228 3384 tibus
250 3335 267 3383 o
289 3315 443 3386 Cicerone
464 3317 528 3388 Dio
551 3341 617 3388 noa
639 3321 705 3388 iam
727 3321 860 3389 videaur
884 3321 1043 3406 hausisse,
1071 3321 1155 3404 ideo,
1187 3319 1277 3409 quod
1311 3341 1340 3388 c.
1372 3321 1424 3388 32.

138 3426 259 3506 narrat,
280 3418 398 3507 quibus
420 3423 526 3491 modis
547 3423 668 3493 Caesar
690 3445 769 3494 usus
791 3425 849 3508 sit,-
869 3431 907 3493 ut
926 3425 1072 3494 fauorem
1095 3423 1208 3514 populi
1224 3424 1427 3492 nanciscere-³

138 3530 202 3607 tar,
223 3530 256 3592 et
276 3545 302 3592 c.
323 3523 387 3607 38,
409 3521 600 3595 Ciceronem
622 3547 748 3615 semper
769 3547 805 3595 se
830 3529 939 3616 ipsum
954 3530 1161 3616 praedicasse
1175 3547 1287 3615 eoque,
1309 3545 1425 3612 quam·
1474 3543 1475 3548 ’
1513 3541 1516 3548 ·

137 3649 233 3715 qnam
257 3628 320 3693 iarn
344 3631 441 3694 antea
463 3627 498 3694 in
520 3628 635 3716 papuli
659 3629 820 3697 invidiam
842 3631 1204 3720 proptersupplicium
1219 3629 1261 3696 de
1275 3628 1426 3697 coniura-

138 3731 182 3796 tis
204 3734 369 3816 sauaptum
390 3728 541 3810 vertisset,
565 3723 687 3799 maiore
708 3731 838 3799 insidia
854 3731 1015 3819 flagrasse.
1060 3731 1103 3798 lit
1116 3753 1144 3800 c.
1161 3733 1214 3800 39.
1229 3732 1426 3814 Antonium,

138 3832 304 3908 Ciceronis
326 3828 491 3915 collegam,
514 3832 562 3898 its
583 3832 746 3921 depinxit,
777 3842 814 3902 at
836 3837 894 3904 vix
917 3835 985 3902 lieri
1008 3839 1128 3921 posset,
1160 3820 1200 3901 at
1217 3833 1333 3903 Cicero
1355 3837 1426 3923 ipse

136 3941 250 4003 auctor
272 3952 387 4000 eorsum
406 3933 590 4020 uerborum,
612 3936 730 4023 quibus
752 3936 816 4006 Dio
830 3937 874 4006 de
889 3937 1035 4004 Antonio
1051 3957 1130 4004 usas
1145 3941 1206 4020 est,
1228 3945 1327 4022 esset,
1349 3959 1434 4009 cum,
1509 4019 1511 4026 Α

138 4037 271 4124 saepius
293 4033 473 4102 Antonium
496 4038 530 4103 in
554 4039 788 4106 coniuurationis
811 4040 1031 4128 suspicionem
1062 4039 1187 4106 vocarit
1214 4037 1343 4123 (confer
1365 4059 1426 4129 pro

139 4140 241 4209 Sestio
263 4137 283 4217 ἕ
304 4136 334 4202 8.
359 4137 409 4204 12.
432 4143 464 4205 et
485 4158 545 4225 pro
568 4138 684 4208 Flacco
707 4139 728 4220 ξ
749 4139 827 4227 96.)
884 4138 976 4220 Quod
1010 4146 1120 4207 autem
1154 4139 1350 4209 Plutarchus
1385 4143 1426 4210 de

138 4241 273 4310 Caesare
296 4240 348 4325 (in
372 4237 439 4308 ΙΙΙ).
461 4240 554 4310 Caes.
576 4263 603 4310 a
626 4244 669 4328 8,
689 4242 780 4311 Cato.
803 4265 835 4313 ο.
854 4247 905 4312 23.
928 4245 991 4326 26,
1014 4241 1080 4311 Cic.
1103 4261 1130 4310 o.
1146 4240 1215 4330 20.)
1231 4249 1266 4311 ot
1280 4243 1320 4313 de
1335 4242 1425 4313 Cice·

141 4366 221 4414 rone
244 4344 294 4430 (iu
317 4342 387 4411 vit.
410 4345 476 4415 Cic.
498 4369 525 4415 c.
547 4349 600 4414 24.
623 4347 712 4432 init)
734 4349 837 4418 libere
859 4350 948 4417 dixit
968 4367 1069 4436 aeque
1100 4367 1138 4416 ac
1160 4346 1235 4433 Dio,
1273 4347 1424 4416 conicere

138 4448 227 4530 licet,
260 4444 332 4514 illos
365 4449 541 4536 scriptores
575 4451 611 4520 in
645 4471 684 4520 ea
714 4470 751 4519 ro
775 4473 815 4520 ex
839 4453 928 4519 fonte
950 4450 1126 4534 communi,
1147 4450 1183 4518 id
1205 4457 1266 4535 ost,
1288 4470 1307 4519 a
1329 4449 1430 4536 Livio

140 4546 296 4616 hausisse.
338 4548 387 4617 Do
409 4551 628 4621 similitudine
643 4553 731 4622 iuter
746 4553 938 4622 Sallustium
954 4553 998 4639 (a.
1013 4551 1066 4619 66.
1081 4551 1134 4618 lii.
1150 4549 1219 4638 61.)
1235 4557 1271 4620 et
1283 4549 1425 4622 Dionem

140 4649 183 4734 (o.
205 4651 256 4718 39.
278 4649 346 4738 40.)
370 4651 482 4736 videas
502 4651 647 4725 Dubium
669 4655 711 4724 ad
739 4676 767 4724 o.
795 4657 847 4725 39.
881 4661 917 4723 et
947 4655 1002 4722 40.
1035 4651 1162 4722 Dionis.
1218 4653 1425 4748 Quamquam
1514 4651 1517 4660 ⁴
