3300 5128
196 779 276 852 gesti
304 779 392 838 initia
421 777 525 850 tetigit
533 776 568 848 ¹),
602 773 737 834 ordinem
765 775 885 850 patriae
911 775 1058 835 russeriae
1085 775 1329 851 ascriptoribus
1376 821 1379 826 ,

197 869 257 926 ianr
286 867 430 928 traditum
459 867 561 925 nescio
589 882 647 938 quo
676 866 801 944 consilio
830 866 996 940 reliquerit,
1024 865 1076 928 sed
1105 869 1221 929 abunde
1246 884 1282 927 eo
1300 867 1331 927 in

196 955 378 1030 usurpandis
397 953 615 1014 sententiarum
642 953 777 1012 ioruuulis
796 969 868 1011 usus
888 958 936 1010 cst
953 961 1086 1027 auctore,
1103 955 1149 1014 ita
1167 972 1225 1016 uon
1237 955 1332 1014 mlnns
1424 969 1426 976 ’

199 1043 303 1102 eadem
331 1043 418 1101 nobis
447 1039 610 1099 statuenda
638 1046 687 1100 est
714 1039 794 1098 ratio
822 1039 1001 1113 reliquorum
1030 1041 1182 1116 librarian,
1210 1057 1333 1117 quorum

199 1136 379 1204 argumenta
397 1126 584 1199 materiaque
603 1143 622 1185 a
643 1125 790 1187 Sallustio
804 1127 892 1186 valde
906 1127 1077 1188 abhorrent
1114 1129 1245 1224 Quorum
1256 1129 1334 1189 unde

198 1217 342 1277 illuxerint
354 1215 507 1289 complura
520 1213 665 1288 Wcliigar
667 1215 766 1274 tenius
781 1221 813 1274 ct
825 1213 1120 1276 dasena-anamma
1139 1191 1332 1292 edocuerunt;

199 1307 306 1378 quibus
336 1321 398 1363 rem
423 1320 481 1362 non
507 1304 545 1361 ab
570 1303 648 1361 orani
671 1308 761 1376 purte
784 1303 1020 1377 ponderantibus
1039 1303 1172 1363 contenti
1191 1319 1257 1363 esse
1275 1321 1333 1364 non

199 1407 367 1467 possumus.
404 1390 482 1450 Nam
501 1389 623 1462 Trogus
647 1389 702 1448 bat
725 1390 781 1448 mit
800 1390 865 1450 doru
884 1390 944 1450 illm
963 1391 1176 1470 vorliegeuden
1194 1389 1335 1452 Material
1461 1449 1466 1457 ,

202 1479 262 1538 ι1ι1
281 1478 376 1538 ireier
395 1478 455 1536 und
474 1477 732 1550 selbststandigen
750 1477 930 1550 gesclraltot.
967 1477 1034 1538 Vor
1057 1478 1137 1538 allen
1155 1478 1277 1552 Dingen
1295 1479 1336 1540 ist

201 1567 285 1626 niolrt
314 1581 352 1624 zu
382 1565 566 1634 verbenaca.
594 1565 666 1624 dass
690 1565 754 1626 sicb
779 1566 840 1625 uicl
860 1565 1047 1627 rhetorische
1064 1566 1340 1642 Aussclrmdcknng.

17 1641 19 1649 ¹
111 1653 116 1661 ’
203 1655 252 1714 bei
270 1654 331 1712 ilum
351 1653 453 1726 findet,
481 1653 532 1713 fiir·
552 1655 600 1712 die
627 1653 683 1712 uir
702 1654 781 1713 ιιο1ιΙ
800 1654 911 1714 niclrt
902 1671 1005 1714 manner
1023 1655 1198 1729 dieiiuelle
1216 1661 1336 1715 verant·
1411 1686 1443 1714 1.

204 1743 342 1801 wortliclr
361 1743 485 1802 maclren
504 1743 624 1800 kbnnen
643 1741 703 1801 iam
721 1741 863 1802 Friclsius
881 1759 909 1818 p
924 1743 942 1804 3
963 1743 1105 1817 cognovit
1122 1744 1337 1817 comprobavit·

204 1846 268 1904 quo.
306 1827 355 1888 De
375 1847 429 1889 suo
448 1847 527 1904 penu
544 1828 667 1904 Trogus
686 1829 762 1890 illud
781 1830 896 1904 attulit,
915 1847 999 1905 quom
1018 1831 1049 1890 in
1067 1829 1252 1891 Mithridatis
1270 1847 1336 1892 ora·

201 1919 283 1977 tione
306 1918 361 1978 illa
387 1918 561 1978 enorrranda
580 1924 612 1977 et
631 1918 709 1977 omrri
728 1935 766 1978 ιιι
783 1925 888 1993 parto
897 1917 1025 1978 dilucida
1049 1917 1253 1977 adumbrantia
1270 1935 1335 1979 cum

201 2022 245 2077 eo,
265 2006 910 2082 qnilraecpotiseinunmartificiaadhibev),
929 2023 993 2066 cum
1009 2005 1166 2080 Sallustio,
1185 1990 1336 2067 artis'sime

202 2095 365 2154 oolrnerma
385 2101 476 2168 atque
496 2093 683 2155 coniunctum
704 2112 772 2155 essa
791 2095 1014 2155 intelleximus?

274 2183 350 2242 Cum
377 2183 492 2257 pudore
521 2190 622 2242 auutem
651 2201 687 2243 ac
715 2183 916 2243 modestiam
935 2183 983 2256 ils,
1010 2201 1083 2258 qnos
1102 2200 1180 2244 nunc
1197 2191 1337 2246 excutere

204 2271 351 2344 volturnus,
379 2270 474 2344 Trogi
493 2270 689 2331 ilistoriarum
707 2272 795 2331 libris
814 2271 994 2331 versandum
1021 2278 1077 2344 est,
1105 2289 1228 2348 quorum
1254 2273 1338 2350 nibil,

206 2377 243 2418 ne
262 2359 438 2433 irugrnenta
457 2359 575 2432 quidem
592 2359 745 2432 habemus,
765 2375 841 2433 qnao
860 2360 939 2434 apud
953 2359 1099 2420 lustinum
1113 2361 1337 2436 epitomatorem

205 2448 303 2507 adbuc
322 2453 448 2507 servata
466 2447 535 2506 inde
554 2448 686 2521 petenda
705 2454 784 2507 sumt.
823 2447 931 2522 Quoad
955 2449 1082 2508 animum
1106 2448 1281 2519 intenderis.
1304 2457 1338 2510 ut

204 2553 409 2611 assequamur,
428 2553 556 2610 quanam
575 2537 694 2596 rationo
712 2537 790 2595 bene
809 2536 1003 2596 sruccedeutes
1021 2535 1162 2611 Trogum,
1178 2539 1273 2613 ipsum
1297 2555 1334 2598 ex

203 2625 322 2686 Iustino
351 2625 499 2700 possimne
528 2641 680 2698 exsecare,
709 2630 745 2684 ut
770 2640 870 2699 porro,
900 2641 976 2700 quae
1002 2623 1105 2699 Trogi,
1134 2643 1209 2700 quae
1228 2626 1339 2689 Iustinl

203 2713 266 2772 sint
293 2713 426 2788 propria.
455 2729 679 2787 cognoscamus,
713 2713 853 2773 iudicium
882 2713 984 2787 utique
1011 2712 1086 2774 ierrr‘
1112 2720 1196 2774 recte
1221 2706 1338 2790 neqniq

204 2802 462 2861 verumenimvero
481 2801 615 2876 alioquin
635 2800 797 2861 tirneudum
815 2807 872 2874 est,
895 2817 936 2861 ne
955 2800 1037 2862 illius
1061 2802 1193 2876 genuina
1214 2804 1336 2877 permis·

121 2968 123 2972 ,
204 2909 323 2951 ccumns
342 2908 408 2950 cunr
426 2890 515 2950 buius
534 2889 757 2958 additamentis.
786 2889 844 2949 ilde
873 2889 1038 2964 digniorem
1067 2905 1104 2950 aa
1131 2908 1254 2965 gravem
1273 2908 1337 2951 oum

204 2979 328 3052 leviore,
356 2980 494 3053 argutiae
522 2979 619 3053 Trogi
646 2979 753 3054 eurique
771 2978 885 3038 saeculi
912 2978 1022 3039 iudicia
1049 2995 1114 3038 cum
1137 2981 1338 3055 sequentibus,

206 3065 319 3126 iontem
344 3084 409 3127 cunr
433 3067 541 3128 mvulo.
579 3067 666 3141 Quae
690 3066 827 3141 equidem
856 3065 912 3125 boc
929 3065 994 3126 loco
1013 3065 1052 3126 ad
1070 3065 1213 3141 liquidum
1230 3067 1337 3144 perdu-

207 3171 276 3213 cere
295 3171 355 3214 non
374 3155 462 3214 valeo
482 3159 514 3216 et
530 3155 652 3229 longum
672 3161 728 3239 est.
749 3153 798 3227 (ci.
817 3171 846 3228 p.
866 3153 901 3212 17
920 3154 997 3228 sqq.)

277 3242 379 3318 Urget
406 3245 463 3303 lrec
492 3244 528 3304 de
556 3261 650 3304 causa
676 3243 851 3316 necessitas,
880 3247 922 3313 ut,
949 3242 1074 3316 quaein
1092 3242 1209 3319 ingenti
1227 3243 1336 3308 Insani

207 3332 352 3391 librorum
371 3330 528 3406 farragine
548 3333 687 3407 dispersa
700 3339 781 3404 sunt,
793 3330 962 3390 extricandi
974 3329 1101 3390 officinm
1114 3332 1183 3392 aliis
1197 3331 1340 3407 delegem,
1422 3357 1428 3368 ·

208 3420 398 3493 quamobrem
427 3421 482 3480 sub
510 3437 600 3480 runuru
629 3422 767 3480 obtutum
799 3425 958 3492 utrumque
993 3419 1168 3501 scriptorem
1204 3419 1340 3481 conferre
1407 3429 1428 3454 ='

205 3508 276 3567 milri
294 3506 388 3567 licent
406 3509 535 3568 ulterius
554 3507 730 3583 procedenti
749 3513 781 3566 et
799 3507 856 3567 tali
873 3507 960 3566 modo
978 3513 1063 3566 certa
1076 3513 1167 3581 atque
1179 3508 1337 3583 explorata
1357 3560 1362 3568 .

205 3594 307 3669 potins
318 3595 503 3654 constituere
517 3612 605 3670 qurum
619 3594 816 3670 pronuntiare
829 3593 1007 3669 probabilia,
1026 3610 1114 3668 vana,
1133 3594 1243 3669 merula,
1262 3612 1339 3671 queo

206 3682 297 3742 iundo
321 3683 428 3742 idoneo
452 3689 566 3744 carent
604 3684 674 3758 Qua
701 3683 733 3743 iu
760 3699 794 3742 re
822 3681 1004 3758 reprehendi
1031 3699 1077 3742 me
1099 3698 1188 3758 posse
1211 3683 1341 3759 ingenue

206 3767 320 3844 iateor;
349 3777 485 3832 attamen
514 3773 558 3834 slc
586 3772 667 3833 inter
694 3771 830 3848 Pompeii
853 3769 958 3852 Trogi
976 3771 1168 3832 historiarum
1195 3771 1340 3850 Philippi·

206 3876 308 3920 carum
328 3860 476 3936 epitomen
497 3869 529 3922 et
548 3859 727 3923 Sallustium
747 3861 797 3936 qui
816 3867 902 3922 extat
919 3877 1049 3921 conexus
1068 3865 1151 3922 certe
1170 3877 1229 3922 non
1240 3867 1343 3938 potest

208 3963 263 4008 nos
283 3947 398 4024 ingere.

280 4034 391 4098 Omnes
420 4055 500 4100 rrunc
526 4039 754 4100 examinaturus
785 4055 850 4101 sum
877 4037 981 4112 libres,
1012 4037 1225 4114 quaestionem,
1254 4053 1341 4116 quam

209 4127 401 4187 tractandam
414 4129 584 4204 suscipiam,
603 4129 648 4190 itu
661 4128 833 4200 instituens,
851 4134 895 4198 ut,
912 4128 1135 4203 quibuscunque
1153 4127 1228 4188 locis
1246 4124 1342 4202 Trogi

279 4353 299 4426 ¹)
318 4357 379 4413 listi
381 4356 508 4430 pulsatur
536 4359 677 4419 Gutterer·
706 4357 875 4434 Allgemeins
902 4357 1061 4418 historiscbe
1084 4355 1236 4418 Brblioilrel
1261 4355 1341 4468 liulle

319 4499 348 4552 ct
366 4376 808 4571 iggniwilritggrgtopllieueckius
827 4498 1042 4586 Duebnerusque.

127 4562 130 4568 '
207 4641 234 4703 p·
254 4563 354 4692 ¹²'Act
372 4565 457 4627 Ulrlcl
475 4567 693 4627 Obmukteristik
711 4569 760 4627 der
778 4569 888 4626 andlan
905 4569 1135 4698 ilistoriogrspble
1153 4567 1244 4628 Berlin
1264 4567 1339 4630 1838.
