3308 5120
812 769 866 776 ω
881 677 921 740 10

898 769 1006 776 .-.-——

430 869 509 934 Item
530 870 632 954 panai
653 870 865 934 rordororere
887 866 1056 935 Sallustius
1072 868 1202 947 antino,
1225 869 1260 932 ia
1278 867 1400 954 quibas
1419 867 1490 951 t'o·¹

321 974 418 1039 lilino
440 975 519 1060 [aa.
566 973 690 1055 Quodsi
718 974 871 1040 roeolmlo
901 976 976 1042 item
1007 972 1179 1041 similitudo
1211 972 1365 1060 quaedam
1390 972 1485 1058 signi-

319 1079 442 1161 sreatur,
464 1081 525 1146 boe
547 1081 616 1146 loeo
640 1104 701 1146 non
725 1081 939 1170 usurpandum
962 1092 1044 1163 erat;
1067 1080 1207 1148 Sallustii
1224 1080 1322 1168 ipsias
1340 1080 1486 1159 rrarmtio,

319 1186 441 1252 etiarnsi
465 1210 612 1275 perversa
635 1189 686 1269 sit,
707 1210 769 1254 non
793 1188 923 1254 dubiam
941 1189 1098 1275 relinquit,
1120 1186 1195 1274 quin
1218 1185 1296 1251 baee
1310 1185 1485 1250 eoaimatio

320 1316 382 1358 non
406 1294 600 1360 eversionem
629 1294 829 1382 reipublieae,
857 1293 913 1360 sed
942 1304 1074 1361 mortem
1098 1294 1262 1360 eonsalum
1285 1291 1486 1380 spectaverit.

320 1399 400 1466 Cum
425 1401 525 1487 igitur.
542 1409 672 1488 uterque
694 1401 867 1467 coniuratio
896 1403 1014 1488 pariter
1040 1399 1200 1468 aestimari
1230 1407 1378 1486 nequeat,
1408 1399 1484 1463 item

320 1505 359 1572 ad
384 1505 533 1573 Crassum
558 1509 713 1598 respicere
736 1507 875 1588 ridetur,
908 1531 1002 1596 quem
1025 1507 1119 1572 modo
1142 1508 1357 1572 nominaverat
1363 1531 1374 1586 ;
1401 1502 1485 1592 quod

320 1613 346 1677 si
370 1613 542 1694 eredimus,
564 1616 669 1700 praeiri
694 1623 768 1681 sant
790 1615 849 1680 riri
878 1637 1008 1702 magnae
1035 1615 1067 1679 in
1096 1612 1255 1702 republica
1281 1610 1487 1692 auctoritatis,

320 1719 403 1786 inter
424 1743 504 1808 quos
519 1718 673 1788 Catilinae
696 1722 782 1788 loeus
805 1745 868 1787 non
892 1730 968 1787 erat.
1005 1721 1070 1801 Qui
1095 1722 1121 1787 si
1138 1741 1248 1786 revera
1263 1718 1336 1785 inde
1352 1741 1371 1784 a
1387 1727 1487 1784 morte

321 1824 429 1893 Sullae
450 1825 637 1894 seditionem
661 1836 834 1916 paraverat,
855 1837 943 1894 eerto
966 1851 1123 1915 nunquam
1140 1849 1213 1892 eum
1236 1826 1351 1892 talibus
1368 1824 1487 1891 viribus

320 1956 355 2000 se
370 1934 594 2015 coniunxisset,
616 1937 669 2022 qai
686 1937 825 2023 potentia
841 1943 874 2002 et
896 1937 1082 2001 :raetoritate
1098 1957 1170 1999 errrrr
1186 1932 1265 1999 adeo
1288 1933 1488 2019 superabant,

321 2048 357 2105 ut
378 2041 446 2106 sine
468 2038 566 2106 (labio
588 2042 616 2108 ei
640 2041 775 2108 {metuar
790 2042 932 2108 labor-om
956 2044 1093 2131 erepturi
1110 2062 1182 2108 esse
1199 2037 1401 2114 riderentur..
1422 2037 1487 2106 Sed

321 2168 358 2212 ea
381 2149 450 2234 ipsa
472 2170 512 2212 ex
536 2170 569 2214 re
602 2147 686 2236 quod
710 2171 752 2214 ex*
770 2148 829 2214 lrne
851 2150 1068 2215 coniuratione
1092 2147 1227 2213 intutam
1251 2146 1372 2211 nullam
1395 2147 1488 2234 cepit,

322 2253 414 2319 facile
438 2254 656 2340 intellegimus,
683 2278 753 2321 eum
777 2277 838 2321 noo
863 2255 1069 2321 excellentem
1097 2254 1197 2320 inisse
1221 2261 1344 2341 praeter
1367 2261 1488 2318 eeteros

322 2361 508 2426 senioratus.
554 2359 720 2428 Sallustius
748 2373 851 2430 antem
882 2385 953 2428 erun
984 2385 1168 2450 persuasum
1197 2360 1339 2441 baberet,
1362 2383 1432 2425 erun
1456 2369 1489 2425 et

322 2469 452 2533 sommis
469 2467 568 2533 'animi
592 2469 711 2535 viribus
735 2469 910 2557 praeditam
933 2479 966 2534 et
987 2492 1082 2535 rrrarnr
1105 2468 1327 2534 sceleratorum
1355 2467 1489 2532 eiream·

322 2574 472 2662 stipatam
495 2573 602 2656 luisse,
625 2575 739 2664 abique
762 2599 833 2642 eunr
850 2577 881 2642 in
899 2576 1070 2664 primomm
1088 2597 1216 2641 mrrrrero
1231 2574 1346 2662 posuit.
1379 2573 1489 2661 Neque

323 2703 394 2746 earn
417 2680 509 2767 sagit,
532 2681 687 2748 interdum
710 2685 811 2748 minus
834 2682 1009 2771 probabilia
1038 2706 1056 2748 o
1079 2705 1114 2748 se
1137 2681 1262 2758 referri,
1290 2682 1395 2767 itaque
1416 2703 1488 2746 eam

322 2786 409 2870 alias,
431 2797 499 2853 trun
521 2788 572 2854 lrie
597 2790 705 2856 inserit·
723 2790 818 2856 rerba
841 2812 941 2878 parem
968 2791 1146 2855 rerissome
1166 2796 1279 2876 potero
1302 2787 1353 2852 rel
1377 2787 1488 2852 similia

323 2893 486 2980 quaedam,
509 2895 623 2982 quibus
646 2919 708 2962 non
724 2885 812 2984 ¹opas
835 2907 933 2975 esset,
963 2898 990 2962 si
1024 2896 1160 2962 narratio
1193 2895 1225 2960 in
1258 2917 1293 2960 se
1324 2894 1490 2960 continens

323 3011 416 3066 esset.
462 3001 575 3090 Hagen
599 3013 716 3086 censet,
738 3004 784 3070 eis
808 3003 914 3070 serbis
937 3002 1120 3069 Sallustium
1144 3004 1314 3082 monuisse,
1337 3023 1377 3066 ne
1397 3001 1490 3066 nimia

323 3107 383 3172 sibi
415 3107 492 3174 tides
521 3107 686 3191 lrabeatur;
717 3133 796 3197 rprnre
830 3111 1047 3198 interpretatio
1074 3109 1152 3175 mira
1185 3108 1326 3196 profecto
1356 3106 1492 3188 ridetur,

323 3237 393 3281 enar
418 3238 479 3280 ιιοιι
504 3214 644 3303 pluribus
668 3217 772 3283 verbis
802 3226 912 3283 anetor
940 3216 1034 3306 plane
1064 3216 1169 3282 dicere
1200 3224 1323 3303 posset,
1351 3237 1387 3280 se
1414 3213 1490 3279 nibil

323 3321 400 3386 uerti
424 3320 464 3387 de
487 3343 523 3387 ea
547 3345 579 3388 re
606 3333 798 3412 corripientem
823 3323 946 3390 babere.
968 3308 973 3318 ¹
992 3323 1098 3389 Etiam
1122 3322 1222 3410 magis
1246 3319 1387 3387 miranda
1409 3330 1493 3402 snut,

324 3449 403 3513 «pirae
426 3428 513 3493 Baur
534 3429 565 3494 in
588 3431 668 3495 aetis
689 3431 842 3517 grrrraasii
866 3431 948 3514 sai*)
971 3430 1098 3518 copiose
1122 3429 1265 3518 exponit:
1299 3427 1493 3510 Sallustium,

324 3535 414 3598 euius
435 3546 524 3631 grata
548 3537 577 3600 in
602 3535 768 3603 Caesarem
791 3559 880 3602 mens
904 3539 1019 3602 nemini
1045 3537 1151 3624 ignota
1174 3535 1277 3616 faerit,
1299 3534 1378 3600 haee
1397 3533 1493 3600 verba

324 3637 503 3728 scripsisse,
526 3665 564 3708 ae
587 3643 658 3730 quis
681 3643 839 3730 opinetur,
861 3667 897 3709 se
920 3642 1049 3710 Caesari
1073 3643 1167 3709 nimis
1189 3643 1311 3734 t'ar'ere3
1344 3643 1493 3707 inconve-

325 3747 579 3835 aiens'pruleeto
602 3773 639 3815 ea
661 3749 818 3829 defensio,
844 3774 917 3816 eum
946 3750 1083 3815 sollieiat
1104 3747 1252 3815 Caesaris
1281 3771 1396 3814 nornen
1419 3771 1493 3836 pro·

325 3851 415 3935 serre,
438 3863 472 3918 at
488 3855 703 3942 intelligamus
718 3855 900 3923 Sallustium
918 3880 980 3923 ιιιιιι
996 3856 1064 3922 sino
1081 3856 1126 3922 ira
1141 3878 1178 3921 ae
1194 3854 1299 3920 stadio
1316 3855 1493 3942 seripsisse.

324 3959 426 4026 'fraus
449 3963 531 4026 enim
556 3963 627 4028 troni
652 3965 693 4028 eo
718 3963 869 4028 tnarnltas
885 3974 948 4028 tam
965 3963 1134 4028 manifesto
1150 3962 1296 4028 Caesaris
1321 3983 1403 4048 opus
1418 3970 1495 4041 erat,

326 4075 361 4130 at
382 4067 485 4132 onmis
507 4071 657 4150 aarmtio,
684 4092 763 4157 qmre
791 4093 861 4136 eam
891 4051 1017 4136 silentio
1044 4067 1282 4158 praetermittit,
1305 4089 1369 4132 non
1393 4067 1494 4132 solnm

326 4196 435 4239 manea
458 4173 611 4253 rideatur,
638 4175 693 4240 sed
717 4175 756 4241 ad
781 4176 812 4241 id
836 4177 939 4264 ipsum
963 4179 1095 4264 seripta,
1119 4185 1155 4240 ot
1176 4173 1297 4241 Caesar
1318 4183 1496 4240 exerrsetur.

325 4277 430 4359 Quem
454 4303 524 4346 eom
548 4279 714 4348 Srdlustias
738 4285 897 4350 norninare
921 4283 1014 4365 nolit,
1043 4283 1083 4348 de
1106 4282 1225 4348 Crasso
1247 4302 1374 4368 ‹prrrnpue
1397 4289 1497 4359 taeet3

326 4427 591 4446 ..-,-.-......-..

433 4517 457 4580 ¹)
477 4511 635 4584 l‘mpanam
654 4513 702 4568 des
720 4515 917 4586 ttyrnaasiumr
936 4533 970 4570 za
992 4511 1184 4580 llnrlrsneiler,
1206 4514 1282 4580 lS'ir'r,
1300 4512 1329 4568 S.
1354 4515 1394 4567 ro.
