3308 5120
124 715 181 772 est.
205 746 246 756 -
269 706 390 771 Tamen
413 703 602 770 menardum
626 713 689 787 est,
719 706 750 770 iu
773 707 916 771 oratioue
938 729 1063 793 quoque
1086 706 1170 771 illam
1193 708 1295 794 opini-

126 836 217 880 onem
250 823 313 880 tam
347 812 548 898 neglegenter
578 811 727 900 proferri,
760 821 797 877 ut
828 810 965 879 dubitari
999 813 1113 900 possit,
1146 836 1186 880 an
1219 814 1294 880 iuris

127 920 330 986 violationem
354 917 522 984 Sallustius
544 920 674 1006 penitus
696 918 890 1006 cognoverit

231 1021 331 1092 ‘Nihil
359 1035 466 1090 eontra
497 1025 682 1091 Ciceronem
710 1017 823 1106 finxit‘,
858 1027 962 1113 pergit
989 1024 1168 1106 Dnnnann,
1195 1049 1295 1113 neque

127 1155 202 1199 vero
226 1155 264 1199 ea
287 1155 319 1198 re
343 1131 513 1219 quidquam
536 1129 786 1213 demonstratum
808 1132 862 1218 qni
885 1131 1018 1198 alterum
1042 1131 1122 1198 lictis
1145 1133 1295 1199 conviciis

127 1239 258 1305 obruere
282 1237 420 1320 dubitat,
448 1262 466 1304 a
490 1239 571 1304 insta
595 1239 813 1305 aestimatione
836 1238 904 1303 cius
926 1238 1109 1326 longissime
1132 1238 1230 1305 abest
1254 1279 1295 1288 -

128 1345 177 1411 Eo
201 1346 281 1426 loeo,
304 1345 357 1410 ubi
381 1356 532 1426 nan-atur,
554 1345 738 1412 Ciceronem
756 1345 873 1412 Crasso
895 1345 1117 1412 contumeliam
1136 1347 1297 1434 imponere

127 1451 297 1532 studuisse,
319 1450 483 1517 Dnmnmu
501 1451 683 1518 Sallustium
704 1452 889 1539 simpliciter
905 1453 1096 1537 referentem
1112 1475 1183 1518 esse
1199 1461 1297 1541 putat,

64 1593 67 1598 ·
127 1558 212 1646 quod
235 1557 325 1625 mmti
349 1559 515 1644 uegubuut.
561 1557 625 1625 Sed
648 1581 704 1624 eur
725 1581 789 1624 uon
806 1559 938 1624 Catonis
960 1581 1085 1646 quoque
1100 1561 1298 1639 seutentiam,

128 1689 220 1752 quam
243 1666 461 1753 gravissimam
485 1689 556 1732 esse
570 1665 699 1747 sciebat,
720 1667 916 1752 ainrplieilcr
931 1667 1081 1732 rettulit?
1115 1665 1149 1733 Si
1166 1665 1298 1732 Catonis

128 1773 301 1840 orationem
328 1773 488 1839 omisisset
495 1797 503 1852 ;
535 1774 672 1860 speciem
701 1773 838 1838 iustitiae
866 1775 1074 1854 sanavisscn
1107 1795 1189 1860 elnae
1216 1795 1299 1838 nune

129 1903 185 1968 por
207 1903 279 1946 curn
301 1878 393 1946 nobis
416 1889 551 1960 exstant,
573 1902 636 1945 non
660 1879 727 1945 sine
751 1881 797 1945 ira
819 1903 856 1945 ae
878 1879 985 1946 studio
1009 1882 1126 1968 scripta
1149 1889 1232 1946 sont.
1256 1918 1298 1929 -

129 1987 265 2053 Primam
290 1986 453 2053 Ciceronis
481 1986 654 2052 orationem
683 1985 798 2052 editam
826 2009 897 2052 esse
927 1996 1080 2052 ruernorat
1102 1986 1236 2074 ideoque
1258 1984 1299 2052 de

129 2117 166 2170 ea
178 2102 282 2160 tacere
292 2094 410 2181 potuil;
426 2115 527 2182 necpro
538 2117 613 2158 roro
629 2093 766 2180 reliquae
782 2103 846 2160 tres
862 2093 988 2160 silentio
1004 2091 1299 2180 praetermittendae

130 2209 228 2281 crunt,
250 2223 321 2266 eum
345 2200 459 2266 (latoni
483 2209 516 2265 et
538 2199 665 2266 Caesari
688 2200 870 2266 faenlmtem
894 2199 1021 2266 dicendi
1044 2201 1171 2266 laceret„
1216 2199 1301 2266 Ilrn·

130 2331 222 2372 manu
247 2315 366 2388 censet,
390 2329 425 2372 ea
449 2329 529 2394 qum
552 2306 709 2388 deficiant,
729 2307 821 2373 facile
844 2307 1042 2374 eCiceronis
1064 2316 1097 2374 et
1117 2330 1299 2394 gracoorum

131 2414 319 2502 scriptorum
341 2413 430 2480 libris
453 2413 602 2502 compleri
625 2437 728 2503 posse.
766 2413 830 2480 Sed
852 2414 932 2482 liaeo
954 2416 1024 2503 ipsa
1044 2415 1183 2503 expletio
1198 2412 1301 2495 docet,

131 2521 235 2586 onrnia
258 2519 372 2587 deeora
392 2520 555 2587 Ciceronis
578 2521 693 2587 omisso
718 2545 802 2602 esse;
826 2522 942 2588 nnllaun
966 2522 1034 2588 eins
1057 2521 1224 2608 imaginem
1246 2520 1302 2587 ha·

131 2628 256 2711 bemus,
288 2627 423 2694 honores
453 2631 482 2693 oi
512 2625 631 2694 decreti
659 2629 690 2694 iu
719 2638 846 2695 scuatns
873 2629 1019 2694 corisulto
1049 2628 1195 2694 exstincti
1219 2612 1301 2694 snut.

132 2734 204 2801 Sint
234 2735 311 2800 lruce
342 2733 441 2816 levia,
478 2734 535 2802 sed
565 2757 635 2800 oum
667 2735 805 2824 alioquin
834 2736 1003 2802 vilissimas
1031 2735 1165 2824 ineptias
1188 2744 1302 2815 namt,

130 2840 365 2908 concedendum
389 2852 447 2924 est,
470 2865 540 2908 eum
565 2865 626 2908 non
650 2844 733 2908 inter
754 2865 815 2915 res.
837 2841 895 2908 sed
918 2843 1001 2909 iuter
1016 2843 1160 2909 horniues
1183 2840 1302 2909 disere·

132 2949 224 3015 risse.
270 2948 360 3014 Haeo
383 2947 561 3015 differentia
584 2951 682 3015 rnaior
705 2951 739 3014 lit
766 2971 819 3030 eo,
841 2948 926 3036 quod
950 2949 1114 3015 Drumann
1138 2949 1245 3031 affert,
1268 2959 1302 3016 et

132 3055 298 3122 Catilinam
323 3065 356 3121 et
378 3058 555 3123 universum
580 3056 803 3144 rempublicam
828 3080 847 3122 a
870 3055 1021 3122 Sallustio
1036 3079 1111 3122 rere
1125 3055 1302 3144 descriptos

133 3184 212 3228 esse.
247 3162 432 3231 Verisimile
455 3151 537 3228 enim
561 3173 619 3241 est,
642 3186 723 3244 cnm,
746 3165 772 3228 si
797 3163 960 3243 voluisset,
982 3185 1113 3250 aequam
1128 3161 1254 3230 laudem
1269 3161 1302 3226 in

131 3268 285 3336 Cicerone
308 3269 517 3336 describendo
532 3269 591 3336 sibi
608 3293 718 3358 planare
733 3271 884 3359 putuisse.
922 3268 1087 3335 Drumarm
1103 3270 1173 3358 ipse
1189 3291 1301 3356 negare

132 3397 194 3441 ιιοιι
212 3386 344 3464 potest,
379 3376 561 3442 Sallustium
592 3399 718 3464 scalper
743 3399 850 3443 casum
874 3388 904 3443 et
930 3377 1089 3442 forlunam
1112 3375 1301 3464 reipublicae

132 3483 163 3547 in
186 3482 292 3570 lingua
312 3493 458 3572 prompta
473 3483 598 3565 habero,
622 3483 674 3550 nbi
691 3482 854 3574 Ciceronis
869 3483 959 3549 labor
974 3481 1183 3549 nominandus
1198 3481 1302 3548 irretit.

134 3589 301 3656 Praeterea
332 3580 440 3656 stralus
462 3590 548 3656 urbis
571 3589 655 3679 apud
679 3613 750 3658 emn
774 3601 838 3656 tam
861 3599 1028 3679 concaptus
1051 3600 1114 3671 est,
1146 3598 1182 3654 nt
1202 3610 1302 3678 paene

133 3719 225 3782 aegre
248 3697 393 3776 feroinus,
416 3696 500 3784 quod
524 3721 560 3762 en
583 3700 707 3763 sentina
730 3699 878 3764 vitiomm
901 3696 1022 3763 diutius
1045 3697 1225 3786 plerunnsit

240 3801 401 3884 Vidimus,
428 3802 611 3870 Sallustium
641 3805 672 3870 io
704 3802 872 3870 indicando
899 3802 1054 3870 Cicerone
1084 3827 1144 3868 nou
1168 3824 1302 3890 aequum

134 3908 241 3989 fuisse,
264 3930 365 3996 neque
389 3932 464 3974 vero
487 3911 636 3998 sequitur,
659 3921 695 3976 ut
716 3910 862 3977 consulto
878 3933 950 3976 curn
965 3908 1100 3976 laeserit.
1137 3910 1303 3976 Ciceronis

134 4014 201 4079 leurs
225 4025 258 4080 et
280 4014 444 4080 admiralio
467 4019 515 4081 sui
539 4019 653 4083 nemini
678 4020 778 4104 nangis
798 4017 992 4083 stomachum
1013 4039 1141 4084 morere
1158 4013 1304 4099 debebat,

134 4142 226 4206 ‹puam
257 4123 300 4199 ei,
331 4123 385 4209 qni
413 4145 471 4210 per
497 4124 676 4189 Terentiam
707 4123 747 4189 de
775 4123 929 4190 Cicerone
959 4147 995 4189 ca
1023 4147 1148 4211 quoqne
1171 4121 1304 4205 audiret,

136 4229 166 4292 in
190 4227 304 4314 ‹prilms
328 4227 378 4293 rel
402 4230 528 4296 raraximi
552 4229 622 4311 riri,
644 4233 824 4318 inquorum
842 4253 1004 4297 nurnemm
1024 4230 1303 4296 illoiorsitaunon

135 4333 318 4400 referendus
347 4335 402 4416 sil,
431 4338 519 4426 parri
548 4348 578 4404 et
602 4337 735 4404 lmmiles
759 4336 916 4406 videnlur.
962 4339 1012 4406 rte
1035 4339 1170 4404 fortasse
1193 4338 1321 4407 sumita¹
