3308 5120
340 811 422 878 nime
438 812 548 900 placet
585 812 697 898 Neque
714 813 795 876 euim
819 821 946 878 senatus
962 834 1031 877 eum
1055 812 1095 878 ab
1118 812 1257 878 exercitu
1279 813 1507 892 revocavisset,

341 927 374 982 ut
406 919 590 1000 Aratunium,
624 919 776 984 incertum
805 917 972 998 houdnem,
1005 919 1155 985 militibus
1187 919 1354 1006 pmelieere
1387 927 1505 1005 posset.

341 1024 507 1090 Pmeterea
538 1025 756 1112 imperatorem
791 1048 861 1089 erran
896 1026 1033 1090 exercitu
1068 1048 1130 1090 non
1160 1023 1309 1105 decebat,
1345 1022 1506 1090 seditiosis

341 1132 501 1220 impemre,
532 1141 567 1196 ut
589 1129 798 1211 discederent,
827 1132 885 1196 uisi
909 1139 1072 1197 carantanas
1095 1141 1170 1212 crat,
1199 1140 1236 1196 nt
1257 1131 1317 1196 sibi
1351 1138 1507 1218 parerent

446 1236 586 1304 Manlius
597 1236 721 1302 blaseio
738 1238 870 1318 inaniat,
885 1260 919 1302 sc
935 1239 1121 1304 necessitate
1136 1247 1262 1302 coactos
1273 1259 1358 1302 amm
1375 1237 1508 1323 cepisse,

341 1366 410 1408 eum
434 1365 504 1409 aere
532 1344 635 1410 alieno
662 1346 805 1432 oppressi
836 1355 950 1410 esseut
996 1343 1099 1408 Etiam
1123 1345 1187 1409 Dio
1217 1349 1295 1430 (cap.
1320 1346 1373 1426 30)
1403 1351 1507 1408 narrat

339 1455 441 1539 χρεῶν
457 1446 637 1532 (lacerande
654 1449 828 1538 pmstulatas
844 1473 921 1516 esse.
955 1453 1063 1536 Atque
1086 1451 1199 1517 Cicero
1222 1451 1405 1538 saepissime
1421 1447 1509 1529 dicit,

340 1557 519 1622 coniuratos
551 1580 624 1622 aere
653 1556 756 1622 aliena
786 1557 915 1623 abnuas
944 1557 1052 1623 fuisse.
1107 1556 1219 1644 Itaque
1250 1580 1371 1624 summa
1408 1565 1509 1622 tmus-

341 1663 496 1728 actiemun
521 1673 605 1730 recte
624 1665 768 1751 exposita
785 1661 917 1730 videtur.
956 1662 1095 1728 Marcius
1112 1663 1283 1752 respondit,
1305 1663 1390 1750 ‹puod
1407 1663 1509 1728 solum

342 1768 531 1858 respondere
554 1771 671 1858 potuit:
695 1771 722 1835 si
739 1769 813 1858 quid
829 1793 848 1836 a
863 1779 972 1836 senatu
989 1769 1115 1850 uellent,
1136 1770 1176 1836 ab
1199 1771 1293 1836 arratis
1310 1769 1511 1836 discederent

342 1886 374 1942 et
405 1875 542 1962 legitime
575 1877 614 1944 ab
646 1900 685 1942 ee
708 1886 853 1965 peterent
874 1877 1033 1943 iustitiam.
1069 1875 1236 1942 Sallustius
1260 1875 1300 1942 de
1323 1899 1361 1942 ea
1383 1899 1416 1941 re
1433 1875 1511 1941 nihil

342 1983 475 2070 attriplius
491 1983 597 2065 micat,
613 1985 669 2050 aed
685 1995 824 2072 apparet,
840 1982 1008 2050 seditiosos
1024 1983 1202 2071 imperaturi
1220 2007 1281 2049 uua
1298 1981 1511 2050 oboedivisse.
1612 2003 1615 2008 ·

221 2175 226 2185 ι
342 2087 456 2175 Hagen
479 2090 626 2178 opinatur
647 2089 787 2157 aduentu
803 2090 957 2158 Catilinae
981 2091 1208 2156 transactiones
1223 2089 1326 2156 linitas
1350 2113 1431 2170 esse,
1454 2088 1510 2154 sed

343 2219 413 2261 cum
438 2197 488 2262 ille
512 2221 539 2263 a.
554 2197 585 2262 d.
600 2198 655 2264 VI
679 2198 757 2264 Idus
779 2197 976 2264 Novembres
999 2219 1038 2262 ex
1061 2195 1137 2263 rrrbc
1159 2195 1321 2285 proiectus
1344 2187 1512 2262 nonnullos

343 2301 411 2368 dies
442 2304 471 2368 iu
497 2304 608 2370 itincre
638 2314 777 2371 moratus
806 2307 857 2387 sit,
886 2327 950 2369 mm
979 2305 1066 2392 prim
1095 2326 1189 2392 quam
1219 2325 1246 2368 a.
1268 2302 1299 2368 d.
1323 2303 1413 2370 XVI
1437 2301 1512 2367 Kal.

343 2409 536 2476 Decembres
559 2411 703 2478 Faesulis
727 2435 798 2478 esse
821 2411 932 2500 putuit,
955 2434 1017 2498 qua
1041 2419 1181 2498 tempere
1201 2433 1273 2476 cum
1289 2409 1425 2476 Catilina
1450 2410 1512 2474 iarn

344 2539 406 2582 nou
430 2517 589 2602 agebatur.

357 2700 361 2710 ι
452 2628 502 2690 34.
548 2625 723 2692 Dmauunni
741 2627 856 2714 opime,
879 2623 1005 2690 fallendi
1022 2647 1116 2690 (marsa
1131 2623 1286 2691 Manlium
1302 2647 1373 2688 eum
1390 2623 1513 2688 Marcia

344 2729 456 2816 egisse,
487 2732 687 2798 eorafinuatur
709 2735 765 2813 eis,
796 2755 875 2820 «piane
898 2727 1016 2798 eisdem
1043 2731 1155 2796 dielms
1178 2755 1196 2796 a
1220 2731 1357 2797 Catilina
1379 2735 1514 2817 cplitana

345 2837 462 2924 eurique
485 2839 602 2926 scripta
624 2849 707 2906 sitiat.
742 2839 823 2905 Num
846 2839 895 2906 his
910 2861 1034 2926 ‹paraupue
1050 2836 1194 2925 epistulis
1209 2861 1264 2904 eos
1288 2837 1390 2903 celare
1406 2835 1515 2902 studet

345 2941 385 3010 de
408 2944 546 3011 consiliis
569 2949 649 3012 suis:
679 2973 713 3012 ae
738 2947 922 3012 Massiliam
948 2946 984 3010 in
1007 2944 1143 3010 erilium
1164 2945 1342 3032 proticisci,
1368 2945 1419 3008 uti
1441 2965 1510 3008 res-

342 3051 476 3136 publica
504 3053 614 3139 parieta
641 3054 736 3139 seret.
793 3051 856 3118 Sed
887 3052 927 3118 ab
954 3051 1004 3118 laia
1034 3051 1126 3138 longe
1149 3051 1295 3117 diuersus
1326 3051 1438 3116 liurus
1473 3053 1510 3128 Q.

350 3156 486 3244 Catulus
516 3159 552 3224 iu
584 3166 701 3225 aetatula
734 3161 880 3226 emitari!
887 3213 896 3242 ,
926 3181 1056 3246 ‹puaanun
1087 3157 1263 3246 exeruplum
1294 3156 1379 3245 apud
1411 3155 1514 3222 Sallu·

348 3265 443 3328 stium
466 3267 616 3352 seriptum
640 3275 697 3332 est.
742 3267 834 3346 Quane
863 3266 998 3354 epistula
1028 3289 1098 3331 cum
1126 3263 1166 3330 ab
1190 3263 1378 3347 omnibus*)‚
1404 3263 1514 3350 quiin

347 3368 461 3436 studiis
483 3361 683 3440 Sallustianis
707 3374 822 3438 uersati
846 3383 928 3452 sunt,
951 3372 1106 3438 Catilinae
1129 3372 1190 3460 ipsi
1214 3370 1377 3452 tribuatur,
1400 3393 1459 3436 aee
1482 3367 1514 3435 id

348 3476 414 3542 sine
452 3478 555 3544 marisia
590 3483 749 3561 raarrximis,
785 3480 824 3546 ad
847 3479 946 3568 Sergii
972 3479 1129 3566 ingenium
1153 3476 1405 3563 cognoscendum
1429 3487 1516 3542 eerto

347 3584 532 3668 gravissima
556 3595 614 3653 est.
651 3589 807 3676 Apicatam
835 3598 865 3652 et
889 3585 1022 3673 simplex
1046 3595 1094 3650 est
1116 3606 1216 3672 genus
1240 3582 1397 3650 scribendi
1421 3593 1517 3670 etque

348 3689 440 3778 longe
463 3688 623 3759 ‹livemuau
653 3694 693 3760 ab
716 3693 926 3780 descriptione
956 3690 1107 3758 Sallustii.
1152 3689 1216 3758 Sed
1244 3713 1300 3756 erar
1331 3699 1395 3756 tam
1419 3690 1517 3756 libere

348 3794 388 3862 de
411 3798 549 3864 consiliis
572 3799 639 3866 suis
660 3801 807 3887 lupaitur,
838 3823 970 3865 carrarca
991 3799 1148 3865 occadtare
1171 3801 1336 3886 operteat?
1376 3797 1427 3862 An
1451 3818 1517 3861 crc-

350 3901 432 3968 didit
447 3902 582 3970 Catilina
599 3905 746 3973 Catulum
769 3904 809 3972 dc
824 3907 922 3972 literis
938 3909 1105 3972 taeituuuu
1121 3909 1212 3972 esse?
1246 3901 1369 3970 Stulida
1392 3925 1431 3968 ea
1444 3925 1519 3991 spes

349 4009 464 4075 ferisset
486 4011 517 4076 iu
542 4013 626 4094 vivo,
655 4014 708 4100 qui
736 4024 845 4078 eontra
867 4011 1022 4100 lepidum
1053 4022 1086 4078 et
1112 4013 1215 4100 ipsum
1237 4009 1435 4098 Pompeium,
1464 4010 1518 4096 qui

350 4137 413 4182 nou
436 4117 568 4184 infames
592 4131 689 4200 emant,
719 4121 844 4186 leuiter
870 4118 1090 4208 maupublieam
1114 4116 1308 4188 defendent
1354 4115 1519 4182 Habemus

351 4301 467 4310 ——--—
479 4303 500 4310 <t
510 4303 615 4312 --—-.--

458 4389 482 4454 ³)
501 4387 555 4442 llas
573 4393 740 4460 pertrmtutu
759 4399 797 4442 cst
819 4387 855 4442 ab
873 4385 994 4442 Sclauurr
1017 4403 1041 4444 a.
1061 4383 1213 4442 camtstdd
1238 4385 1265 4440 iu
1288 4403 1371 4460 apere
1389 4389 1521 4440 muratula

353 4475 406 4536 Die
425 4474 518 4534 Redeu
538 4475 595 4534 aaut
615 4477 706 4535 Briele
725 4477 767 4532 bei
788 4475 899 4534 saltam.
937 4475 1050 4552 leipaig
1070 4477 1146 4532 teus.
