3274 5032
286 633 382 702 illum
402 633 601 702 sententiam
622 651 716 699 suam
737 649 804 699 non
831 627 947 697 solum
977 631 1230 717 interpretatum
1263 647 1346 708 esse,
1381 627 1441 696 sed
1472 627 1569 694 ctiam

278 741 433 805 mutasse
455 735 557 822 (coni.
578 732 657 801 Sall.
678 754 708 802 c.
729 735 805 810 50.;
827 732 912 802 Plut
933 733 1002 802 (lic.
1025 755 1056 802 o.
1078 736 1141 817 21,
1164 732 1255 801 Cato.
1277 753 1306 799 c.
1326 733 1379 798 22.
1402 731 1455 797 23.
1469 735 1502 796 et
1523 749 1571 812 es,
1608 777 1611 784 .

287 858 361 928 quas
380 858 484 928 supra
503 857 537 926 p.
566 838 619 904 26
649 835 832 922 diximus).
889 835 983 916 Quod
1018 837 1162 924 pertinet
1196 835 1238 903 sd
1274 832 1425 901 Caesaris
1465 832 1571 900 minas

287 943 324 1009 in
345 960 412 1026 eos,
434 939 491 1028 qui
512 939 694 1007 sententias
716 939 894 1008 severiores
916 937 1084 1021 dixerunt,
1106 939 1203 1007 ineo
1226 937 1324 1006 Suet·
1339 935 1382 1020 (c.
1407 934 1473 1017 14.)
1496 954 1572 1002 con-

289 1044 390 1111 sentit
421 1062 496 1109 cum
529 1039 688 1110 Cicerone
721 1040 773 1128 (in
806 1039 876 1108 Cat
909 1037 967 1124 lv,
999 1039 1045 1124 9.)
1076 1045 1111 1108 st
1131 1060 1205 1107 oum
1228 1038 1311 1108 Plut
1334 1037 1470 1124 (Cato.
1491 1039 1571 1123 23).

288 1145 334 1212 At
355 1151 468 1213 contra
489 1143 525 1211 in
546 1141 635 1210 Suet
648 1143 818 1230 'relatione
840 1142 881 1210 de
904 1141 1053 1211 (lassaris
1075 1141 1220 1230 periculo
1241 1140 1284 1226 (c
1315 1139 1380 1227 14.)
1413 1143 1574 1210 nonnulla

288 1254 376 1333 sunt,
398 1269 470 1336 qua
485 1246 726 1333 vituperatione
741 1247 844 1330 digua
859 1243 1103 1313 existimentur.
1147 1243 1294 1312 Primum
1308 1245 1407 1313 uerba
1422 1243 1572 1312 Suetonii

291 1371 348 1435 ,ae
370 1371 411 1418 no
432 1348 635 1437 sicquidem
658 1349 823 1436 impedire
846 1369 914 1415 rem
943 1346 1072 1415 destitit
1085 1348 1147 1433 (sc.
1163 1345 1308 1432 Caesar),
1329 1347 1437 1434 quoad
1452 1366 1572 1414 manus

289 1453 437 1538 equitum
458 1471 670 1520 romanorum
692 1499 701 1516 .
724 1501 732 1518 .
755 1499 763 1516 .
787 1470 899 1520 necem
921 1450 1121 1518 comminata
1146 1448 1226 1532 sst“,
1248 1470 1270 1517 a
1293 1451 1429 1518 ueritate
1445 1448 1572 1535 aliquid

289 1541 473 1630 abhorrent
500 1553 586 1622 Num
602 1575 621 1622 e
637 1552 811 1622 Plutarcho
826 1553 877 1640 (in
889 1553 955 1620 vit
970 1550 1060 1620 Caes.
1073 1572 1099 1620 c
1111 1550 1157 1637 8.)
1168 1553 1300 1635 scimus,
1317 1550 1491 1620 Caesarem
1503 1557 1573 1616 tum

291 1656 424 1724 demum
440 1657 475 1725 in
491 1657 569 1724 ritae
585 1656 770 1745 periculum
785 1657 929 1741 venisse,
945 1657 1020 1724 eum
1035 1655 1168 1725 Catonis
1179 1659 1343 1726 sententia
1354 1658 1419 1724 iam
1431 1657 1574 1724 vicisset

289 1758 420 1839 Deinde
442 1760 597 1830 Suetonio
620 1762 700 1829 vitio
715 1761 928 1830 tribuendum
943 1765 1003 1842 est,
1025 1760 1114 1849 quod
1129 1765 1250 1842 nerrat,
1272 1758 1444 1828 Caesarem
1458 1759 1574 1827 seden-

288 1867 354 1931 tem
386 1884 506 1952 paucos
540 1863 716 1956 complexu
742 1869 882 1954 togaque
903 1862 1033 1932 obiecta
1053 1883 1222 1944 servasses
1235 1883 1308 1930 cum
1330 1861 1507 1932 Sallustius
1530 1859 1574 1947 (c.

289 1965 358 2051 43.)
372 1952 414 2035 ὀι
434 1966 629 2035 Plutarchus
652 1967 703 2054 (in
725 1964 794 2035 vio
816 1965 910 2035 (laos.
932 1988 960 2035 c
983 1967 1029 2052 8.)
1058 1973 1146 2036 recte
1178 1966 1335 2051 referant,
1367 1965 1500 2034 Caesari
1533 1987 1575 2033 ex

289 2074 404 2150 senatu
419 2113 422 2120 .
436 2069 620 2154 egredienti
654 2069 783 2158 equites
815 2068 937 2154 gladiis
973 2089 1045 2147 mse
1081 2070 1231 2138 minutos.
1275 2067 1400 2149 Quibus
1422 2068 1573 2136 amosis
1614 2075 1619 2092 “

290 2171 395 2249 iacere
417 2191 484 2239 non
507 2190 654 2258 possum,
675 2173 757 2259 quin
779 2172 820 2242 de
854 2170 1014 2242 relations
1045 2169 1194 2240 Suetonii
1230 2191 1371 2261 ,paucos
1404 2169 1576 2238 Caesarem

289 2273 456 2359 ιιοιιειιιιιιι
490 2273 639 2343 dubitem
670 2271 722 2359 (at
756 2279 869 2342 contra
889 2277 957 2343 rid.
980 2273 1067 2343 Plut
1089 2274 1182 2343 (lues.
1204 2292 1232 2341 o.
1256 2273 1311 2356 8.).
1355 2274 1418 2343 Sed
1440 2273 1481 2341 ds
1502 2273 1575 2360 ipso

289 2373 438 2470 (lassaris
458 2375 607 2465 periculo
629 2377 905 2446 vimacensem
929 2397 972 2445 an
994 2399 1061 2446 non
1097 2377 1241 2447 dubitari
1275 2377 1390 2465 possit,
1424 2377 1575 2465 quamvis

280 2475 473 2570 -Livius„ut
504 2497 606 2567 supra
638 2479 786 2547 diximus
819 2482 867 2568 (p.
899 2481 967 2563 36.)
1005 2480 1088 2548 hanc
1124 2479 1319 2548 relationem
1350 2501 1420 2549 esse
1456 2479 1575 2547 lalsam

289 2581 464 2650 existimet
508 2580 647 2651 Prorsus
669 2588 740 2652 tum
763 2583 946 2670 Suetonius,
967 2585 1025 2672 qui
1047 2584 1138 2668 dicit,
1162 2583 1204 2670 (c
1223 2587 1273 2652 14.
1286 2584 1384 2665 extr.)
1400 2581 1574 2650 Caesarem

289 2683 326 2751 in
347 2684 510 2772 reliquum
533 2686 613 2754 anni
637 2687 689 2756 63.
712 2691 841 2776 tempus
863 2707 928 2754 non
950 2688 1017 2754 iam
1040 2689 1076 2754 in
1091 2694 1243 2756 senatum
1258 2687 1399 2770 vonisse,
1421 2690 1473 2752 ost
1486 2685 1573 2753 reiu-

290 2787 429 2860 laudus
426 2789 572 2876 (confer
594 2788 679 2859 Plut.
708 2790 801 2858 Ceos.
830 2791 914 2858 c8.
935 2797 969 2858 et
989 2788 1109 2860 Catu.
1131 2791 1209 2878 26..)
1253 2789 1445 2858 Suetonium
1467 2794 1574 2855 autem

290 2897 382 2976 reete,
400 2890 440 2990 dp
463 2892 691 2960 criminibus
681 2913 719 2961 ιιι
740 2892 924 2977 Caesarem,
945 2911 1018 2984 quas
1039 2913 1061 2960 a
1081 2893 1117 2961 L
1141 2893 1250 2962 Vettio
1271 2899 1307 2960 ot
1328 2890 1462 2960 acurio
1475 2888 1576 2957 allata

290 2997 378 3076 sunt,
395 2967 537 3078 dixisse,
560 2991 626 3061 Dio
646 2991 738 3062 (lass.
759 2996 814 3078 41,
834 2998 875 3062 41
902 2996 1094 3063 confirmare
1116 2994 1259 3063 videtur
1302 2990 1515 3080 Quamquam,
1537 3000 1576 3061 ut

292 3095 328 3162 in
349 3093 497 3178 lontss
488 3097 673 3183 inquiram,
710 3095 849 3184 quosS.
872 3085 1003 3166 secutus
1037 3098 1092 3181 sit,
1127 3096 1299 3166 Suetonium
1321 3102 1468 3166 auctores
1488 3097 1575 3164 rele-

285 3197 391 3296 tionis
413 3214 481 3270 suus
496 3197 692 3283 (Tanusium
707 3197 894 3284 Geminum,
917 3198 961 3267 lll.
978 3199 1145 3286 Bibulum,
1166 3198 1200 3267 6.
1216 3179 1403 3285 6ιιιὶοιιοιιι,
1419 3200 1463 3269 lll.
1477 3200 1577 3267 Acto-

291 3295 378 3366 rium
400 3297 583 3384 Nasonem)
606 3301 764 3385 nominet,
785 3304 842 3390 qui
863 3300 1012 3371 Caesaris
1035 3303 1133 3370 amici
1149 3322 1213 3370 non
1228 3309 1322 3373 erant
1335 3303 1463 3390 (conier
1475 3301 1577 3371 John.

293 3419 326 3490 p.
349 3399 449 3494 122),
471 3400 576 3486 alleri,
607 3408 729 3486 tamen,
760 3405 935 3491 quominus
963 3425 1038 3472 cum
1066 3403 1241 3474 Thouretio
1262 3407 1310 3494 (p.
1331 3409 1407 3475 321.
1428 3407 1464 3474 1ιι
1485 3405 1578 3473 Stud.

254 3538 259 3550 ·
294 3499 430 3592 Lips.)
421 3524 561 3588 sumam,
582 3525 611 3574 c.
636 3507 686 3574 11.
708 3509 903 3596 scriptorem
924 3509 1059 3578 eosdem
1073 3514 1223 3577 auctores
1238 3529 1309 3578 esse
1324 3517 1481 3596 secutum,
1503 3529 1578 3598 pro·

295 3603 422 3691 bibeor,
442 3607 541 3694 quod,
563 3613 602 3676 ut
621 3608 720 3678 Jobn.
741 3629 774 3698 p.
798 3611 873 3677 122.
894 3617 981 3680 recte
1004 3612 1099 3696 uidit,
1131 3611 1252 3680 Suot'
1242 3633 1278 3680 ιιι
1295 3613 1362 3681 hoc
1382 3599 1491 3704 capite
1515 3635 1579 3682 non

288 3705 387 3812 dicit
409 3714 519 3778 utrum
539 3708 713 3780 Gaesarem
735 3713 970 3782 coniurationis
991 3711 1195 3782 catilinariae
1214 3717 1338 3785 socium
1360 3717 1469 3786 fuisse
1486 3722 1581 3805 putet

295 3801 426 3882 necno
450 3809 522 3878 Huc
544 3813 680 3898 accedit,
702 3813 792 3901 quod
814 3815 873 3883 vix
893 3815 965 3883 llari
987 3816 1104 3902 potuit,
1127 3821 1165 3883 ut
1184 3816 1287 3885 iidem
1309 3825 1466 3903 auctores,
1498 3838 1579 3906 quos

296 3909 327 3978 S
349 3931 377 3980 c.
399 3913 430 3983 3
453 3914 544 3996 citat,
566 3931 635 3981 nou
658 3912 815 3996 dicarent,
837 3912 1010 3983 Caesarem
1031 3915 1206 4004 postremis
1228 3919 1306 3985 anni
1328 3919 1380 3986 63.
1403 3918 1555 3988 diebus
1545 3940 1581 3986 ru

295 4034 476 4112 maxumum
499 4016 737 4084 coniurationis
758 4017 983 4106 suspicionem
1005 4019 1133 4086 senisse
1155 4025 1190 4086 et
1209 4018 1250 4086 ob
1272 4039 1344 4086 eam
1359 4021 1581 4108 suspicionem

296 4115 572 4208 eqniusgcaeseri
594 4139 667 4188 osso
687 4119 866 4187 minitatus
909 4119 1023 4209 Neque
1045 4121 1135 4188 enim
1158 4124 1273 4209 putare
1294 4141 1480 4209 possumus,
1501 4124 1577 4193 illos

297 4224 447 4288 auctores
468 4222 509 4290 de
530 4220 591 4290 bae
611 4221 799 4310 suspicione
822 4241 888 4290 non
908 4224 1042 4292 audisse
1064 4223 1114 4292 rel
1137 4223 1220 4292 bano
1242 4225 1429 4312 posteritati
1452 4226 1581 4295 tradere

298 4321 449 4390 noluisse
492 4321 604 4412 ltaque
625 4325 822 4409 existimem,
859 4324 1014 4395 Suetonio
1047 4332 1176 4414 prester
1208 4325 1285 4394 illos
1317 4326 1419 4394 alium
1452 4328 1579 4396 iontem

232 4489 242 4506 ,
298 4428 374 4513 ants
395 4422 506 4491 oculos
527 4422 647 4502 iuisss;
668 4425 728 4493 sed
750 4425 839 4514 quod
860 4445 978 4495 nomen
999 4426 1077 4496 lruic
1097 4427 1181 4495 lenti
1203 4427 1249 4496 sit
1263 4427 1421 4512 dandum,
1443 4431 1578 4515 ignora·

296 4543 380 4592 mus.
424 4523 472 4592 Do
491 4523 555 4592 ilde
583 4531 692 4596 autem
723 4524 870 4596 Suetonii
902 4535 1031 4596 tantum
1064 4528 1218 4612 dicimus,
1257 4528 1352 4598 illurn
1386 4531 1523 4620 quidem
1545 4535 1581 4601 in

297 4623 522 4715 cumpluribus
540 4626 636 4697 rebus
655 4628 739 4696 lalus
751 4649 911 4714 narrasse,
934 4629 993 4700 sed
1004 4634 1115 4698 umen
1129 4631 1167 4699 1ιι
1181 4633 1319 4703 summis
1332 4634 1429 4703 rebus
1440 4635 1471 4704 si
1484 4635 1582 4704 lldsm
