3308 5120
656 619 696 683 at

572 711 650 722 ,..---
695 713 704 718 -
711 712 762 719 ....-
775 710 786 721 ο

93 812 244 878 laetitiam
278 811 440 878 Ciceronis
473 813 565 878 tertia
597 813 739 878 oratioue
770 822 871 878 ortam
903 835 982 878 esse.
1033 812 1171 901 Insuper
1201 811 1268 878 eius

92 920 223 1006 gloriam
247 918 431 985 deminrrens
454 918 548 1000 dicit,
578 918 724 985 mobilem
752 919 877 1007 plebum
907 924 1035 984 rrrntntn
1063 926 1171 984 rorante
1197 942 1267 985 enm

93 1027 137 1092 ad
163 1028 287 1092 eaelrnn
318 1027 441 1092 tortasse.
496 1025 655 1091 Postridie
678 1026 869 1113 Tarquinius
895 1024 1024 1112 qnidam
1054 1023 1095 1090 ad
1125 1032 1267 1092 senatum

93 1130 249 1199 adductus
271 1134 372 1216 docet,
402 1155 436 1197 sc
464 1155 487 1199 a
516 1133 565 1198 M.
593 1133 710 1199 Crasso
738 1133 782 1198 od
808 1113 988 1197 Catilinam
1018 1132 1159 1198 ›nissrnn
1188 1155 1267 1216 csse,

93 1262 155 1327 qao
187 1241 294 1326 mnyia
323 1246 515 1327 properaret
547 1241 592 1306 ud
621 1239 733 1305 arbem
767 1240 927 1321 ‹er-eedem,
960 1241 1017 1304 sea
1045 1291 1053 1305 .
1081 1291 1088 1304 .
1116 1291 1123 1306 .
1158 1261 1270 1319 enarres
1315 1253 1320 1258 “

93 1349 316 1430 correlanrant,
347 1347 488 1412 indicem
520 1348 644 1432 salsum
669 1369 749 1430 csse,
781 1348 883 1433 deprre
905 1368 944 1412 eo
966 1368 1002 1412 rc
1021 1347 1195 1431 post-alunt
1216 1347 1270 1410 nti

95 1455 268 1539 reseratur.
321 1451 490 1519 Sallustius
528 1475 593 1519 rem
628 1456 672 1518 ita
705 1453 846 1541 scripsit,
882 1463 918 1519 at
949 1453 1086 1519 Crassus
1119 1451 1270 1518 liberatas

96 1559 241 1627 videatur
263 1557 452 1626 elamoribus
476 1583 595 1640 eorum,
617 1559 672 1647 qui
694 1561 723 1626 ci
746 1583 786 1626 ex
810 1561 948 1646 rrepotiis
968 1561 1114 1645 priuatis
1136 1559 1270 1625 οὸιιοτιῖἑ

65 1729 67 1734 ,
94 1675 197 1747 erarrt3
231 1689 325 1733 nemo
359 1667 391 1732 in
425 1667 561 1754 legendo
593 1691 656 1733 non
688 1666 809 1749 credet,
843 1667 1030 1732 Ciceronem
1064 1667 1270 1748 succurrisse,

94 1774 216 1839 etiamsi
247 1796 319 1840 eam
347 1785 514 1840 nocentem
544 1785 678 1862 pataret
728 1778 836 1860 Atque
858 1772 1048 1839 Plutarchus
1076 1773 1193 1854 (Crass.
1218 1777 1269 1857 13)

94 1891 206 1962 narrat,
229 1880 378 1948 Crassum
402 1905 421 1948 a
440 1881 596 1949 Cicerone
615 1891 778 1948 nocentem
802 1881 943 1948 habitam
967 1903 1054 1962 csso3
1077 1903 1145 1946 earn
1164 1887 1269 1946 autem

94 1987 275 2076 opinionem
298 1989 407 2054 consul
431 1987 629 2070 ostendebat,
651 2000 687 2054 ut
709 1989 809 2055 maior
830 1988 930 2076 gloria
952 2011 1011 2053 sna
1032 1997 1127 2054 esset.
1173 1986 1270 2054 Certo

93 2095 189 2162 Dioni
223 2099 287 2178 (37,
310 2099 363 2180 35)
395 2094 585 2162 credendum
618 2105 668 2162 est
699 2099 813 2183 magis,
849 2096 902 2183 qni
934 2096 1063 2184 scripsit
1083 2089 1132 2164 ci·
1161 2095 1273 2182 μὲνιοι,

93 2205 212 2272 πολλοὶ
240 2202 452 2272 inierat-nan·
486 2203 694 2290 nequeenim
719 2211 781 2268 tarn
805 2203 921 2268 stultus
949 2205 1086 2269 Crassus
1118 2210 1200 2283 erat,
1235 2210 1271 2266 ut

96 2311 280 2375 etiamtum
309 2309 465 2390 crederet,
493 2310 662 2376 Catilinam
691 2311 846 2376 victnmrn
873 2331 955 2376 esse.
1000 2307 1171 2403 Sallustius
1193 2308 1271 2373 Tar·-

94 2417 202 2503 qniniu
226 2417 361 2482 libenter
382 2416 498 2498 credit,
526 2440 597 2483 eum
621 2426 752 2505 utraque
774 2418 949 2482 coniuratio
971 2439 1045 2482 earn
1069 2414 1177 2482 Crassi
1201 2437 1271 2503 per·

95 2546 172 2588 sona
199 2523 292 2589 facile
319 2525 466 2610 coniungi
495 2535 527 2590 et
555 2523 787 2611 ‹prodarmnodo
814 2547 877 2590 una
903 2523 1006 2589 videri
1039 2525 1154 2611 possit,
1185 2520 1270 2609 quod

17 2716 19 2720 ι
50 2623 52 2634 '
93 2631 162 2716 ipse
189 2652 247 2718 per
274 2639 374 2696 totum
403 2630 517 2697 librum
546 2631 721 2698 allirnravit
777 2631 861 2698 Item
888 2630 1059 2697 Sallustius
1086 2651 1270 2718 persuasum

93 2735 208 2802 babere
225 2736 362 2817 videtur,
383 2737 591 2825 Tarquinium
607 2761 627 2803 a
642 2737 794 2805 Cicerone
818 2741 992 2805 imraissrmr
1016 2738 1126 2819 misse,
1147 2743 1271 2802 ceteros

93 2845 177 2908 enirn
212 2865 353 2910 mrueres
385 2845 487 2911 solum
520 2854 686 2927 memomt,
717 2844 811 2912 buius
842 2845 991 2912 Crassum
1025 2845 1129 2932 ipsam
1157 2851 1271 2909 testem

95 2949 196 3017 affert.
242 2951 334 3030 Quae
367 2953 475 3040 opinio
508 2953 577 3019 sinc
609 2952 706 3019 dnbio
737 2945 820 3019 l'alsa⁸
847 2963 905 3019 est.
955 2952 1070 3019 Cicero
1100 2947 1299 3038 gaudebat,

97 3057 183 3143 qnod
206 3067 300 3123 antea
322 3045 467 3147 epistulis
490 3061 574 3126 inter·
595 3083 703 3126 cenam
728 3059 853 3126 traditis
875 3060 1027 3126 Crassum
1050 3068 1211 3144 coegerat,
1237 3065 1273 3122 ut

92 3164 218 3250 publice
242 3167 421 3232 coniuratos
445 3165 691 3254 derelinqueret,
714 3190 784 3233 eam
808 3177 971 3256 petentem
996 3167 1099 3232 virum
1123 3187 1271 3231 accusare

93 3294 155 3336 nun
179 3270 323 3354 auderet,
353 3272 484 3340 stultum
509 3273 636 3355 suisset,
663 3297 734 3340 omn
759 3275 889 3341 irritare.
934 3273 970 3340 Si
993 3273 1055 3340 lroo
1076 3271 1173 3338 modo
1195 3293 1271 3338 cou-

94 3379 279 3445 iurationem
313 3381 497 3468 impugnare
529 3380 698 3462 voluisset,
730 3383 797 3448 sine
830 3381 927 3448 dnbio
960 3381 1130 3448 Caesarem
1163 3389 1271 3468 petere

94 3484 269 3568 maluisset,
305 3488 359 3574 qni
397 3497 464 3553 tum
501 3511 521 3553 a
552 3487 670 3554 Crasso
706 3489 895 3580 anctoritate
926 3488 1027 3554 multo
1061 3497 1273 3576 superaretur.

93 3591 239 3680 Denique
264 3615 325 3658 uon
350 3596 427 3660 satis
450 3603 586 3676 constat,
608 3595 697 3661 euius
721 3595 857 3684 impulsa
880 3595 1074 3682 Tarquinius
1097 3592 1193 3660 index
1216 3616 1271 3660 ex·

93 3699 218 3776 stiterit.
264 3697 361 3764 Hand
390 3687 460 3767 ¹scio
483 3724 524 3768 an
547 3703 694 3790 praemiis
718 3703 851 3784 illectus,
882 3723 963 3790 quae
995 3711 1125 3768 senatus
1156 3700 1270 3767 ceteris

94 3803 287 3871 delatoribus
321 3805 520 3889 decreverat,
554 3809 639 3874 uallo
673 3809 825 3876 suadente
859 3809 1056 3876 indicaverit.
1111 3807 1177 3874 Dio
1212 3829 1270 3874 nce

95 3933 206 3977 nomen
231 3910 345 3980 indicis
368 3913 467 3998 novit,
490 3923 524 3981 et
539 3939 609 3981 eum
627 3918 876 4012 ‹arridprpltirran
893 3914 964 3986 arrd
986 3915 1088 3982 fuisse
1103 3915 1190 3995 dicit,
1212 3911 1269 3980 sed

94 4017 235 4084 Sallustii
258 4022 394 4086 narratio
417 4021 567 4088 maiorem
591 4021 683 4088 tidem
705 4023 817 4106 haben
840 4027 866 4090 si
890 4024 973 4089 enim
996 4023 1069 4110 qais
1093 4023 1270 4089 vinctorum

94 4124 208 4189 socios
220 4123 422 4212 prodidisset,
444 4127 505 4194 hoe
528 4130 619 4196 nobis
642 4129 683 4196 ab
705 4129 810 4218 aliquo
833 4141 960 4198 auctore
979 4132 1158 4196 nuntiatum
1176 4137 1270 4196 esset

200 4235 253 4297 lt).
297 4231 503 4321 'larrpninium
528 4259 591 4302 noa
613 4236 801 4303 aCieemnc
822 4233 1020 4304 ‘irnmissmn’
1046 4237 1154 4317 fuisse,
1175 4235 1270 4302 facile

95 4335 239 4403 videratis
273 4361 312 4404 ex
346 4363 399 4421 eo,
432 4341 519 4429 (prod
554 4341 722 4409 Sallustius
757 4345 824 4433 ipse
862 4345 1031 4410 memmiae
1065 4341 1195 4410 tradidit
1229 4342 1270 4408 de

95 4443 131 4509 0.
154 4443 271 4512 Pisone
294 4457 327 4512 et
349 4449 391 4532 Q.
407 4447 533 4534 Catulo,
555 4450 604 4515 eni
629 4449 764 4520 Catilina
787 4450 894 4518 literas
918 4450 987 4522 illas
1011 4452 1148 4519 irriserat.
1194 4450 1270 4547 Ipse
