3300 5128
142 861 198 933 hoe
217 861 483 934 cognominavere,
512 861 591 938 qnia,
611 862 768 936 quodiam
796 859 908 921 dictum
927 859 995 932 init,
1022 858 1124 933 inepte
1152 859 1271 934 repetit

142 948 374 1009 additamentum
399 953 565 1026 marginale
593 952 691 1012 text-ui
715 950 877 1010 immixtum
901 953 1022 1023 putans,
1046 947 1194 1008 infitiatus
1222 954 1272 1010 est

141 1035 295 1110 Rupertus
314 1041 345 1100 in
365 1043 455 1115 epist.
472 1040 530 1100 XL
550 1039 587 1118 ad
607 1039 790 1100 Reinesium.
992 1051 1007 1058 ’·
1278 1078 1281 1086 ·

213 1126 298 1200 Quae
321 1145 385 1187 cum
410 1129 455 1187 ita
477 1129 546 1199 siut,
565 1127 726 1203 Pompeius
745 1127 876 1200 Trogus,
900 1124 1019 1186 etiamsi
1043 1131 1115 1184 a'nte
1133 1123 1272 1186 Saliustii
1304 1195 1306 1200 ,

141 1221 264 1274 mortem
283 1232 348 1275 enm
366 1217 426 1276 inm
446 1223 547 1275 rnotnm
566 1216 661 1276 inisse
680 1213 900 1276 concedendum
919 1221 976 1286 est,
995 1213 1151 1274 corusilium
1171 1219 1270 1274 tumen
1361 1243 1368 1250 ·

142 1319 262 1376 opernm
291 1320 409 1364 suorum
439 1305 706 1379 componendorum
730 1303 837 1362 adulta
860 1303 975 1361 demum
995 1307 1098 1360 aetate
1117 1300 1271 1374 uliqnuuto
1302 1293 1307 1306 ’

103 1403 106 1410 ’
142 1397 211 1465 post
228 1391 304 1452 inire
327 1395 472 1467 potuerit,
495 1409 583 1467 quum
607 1392 746 1453 Sallustii
772 1409 866 1468 opor-a
890 1391 1006 1466 scriptu
1029 1391 1170 1464 editaque
1193 1395 1272 1459 eunt.

143 1480 200 1539 nisi
219 1479 297 1540 forto
320 1483 470 1542 scribendi
494 1483 617 1542 exordio
642 1489 714 1543 ente
733 1500 759 1542 a.
778 1484 814 1542 4³
833 1480 883 1542 uel
902 1481 939 1540 42
957 1485 1046 1553 capto
1064 1510 1100 1520 -
1123 1478 1171 1538 his
1195 1478 1273 1540 euim

144 1569 230 1629 annis
248 1575 317 1644 post
336 1569 498 1630 Caesarem
527 1559 673 1633 mortuum
697 1573 824 1648 primunr
848 1569 989 1630 Sallustii
1013 1583 1097 1655 opus.
1121 1564 1272 1629 Catilinae

144 1658 384 1726 concinnationem,
418 1657 467 1726 (ci.
492 1657 560 1719 Cat.
583 1661 610 1732 4,
628 1659 659 1732 ⁶2)
684 1659 859 1732 evulgatum
883 1674 951 1718 esse
976 1673 1013 1716 en
1032 1652 1126 1714 eiusd.
1145 1671 1210 1730 cap.
1227 1655 1273 1727 di.
1377 1701 1385 1716 ,

144 1747 211 1805 det
228 1745 272 1818 di,
297 1745 371 1804 i-i
400 1747 499 1807 elucet
527 1781 561 1792 -
588 1765 644 1823 per
671 1749 779 1822 ingens
808 1747 953 1822 temporis
981 1743 1111 1820 spatium
1138 1743 1274 1805 historiis

144 1832 318 1907 Philippicis
335 1837 658 1910 oporumstudiumque
676 1836 841 1896 contulisse
861 1835 1060 1904 existimatur,
1080 1832 1158 1908 quod
1170 1832 1274 1894 verisi-

144 1922 212 1981 mile
234 1937 292 1980 non
316 1929 370 1982 est.
408 1923 518 1997 Itaque
537 1923 658 1999 'irogus
683 1941 748 1984 cum
769 1942 795 1984 a.
815 1925 833 1984 a
852 1942 882 1999 p.
900 1922 972 1983 Chr.
991 1939 1021 1982 n.
1039 1921 1184 1982 historias
1201 1937 1273 1982 suus
1343 1995 1352 2004 .

145 2010 308 2070 absolvisse
335 2012 488 2086 putandus
516 2015 565 2080 sit.
594 2013 664 2087 quin
692 2009 833 2073 Sallustii
861 2012 1003 2087 operibns
1030 2009 1189 2085 perpolitis
1213 2009 1274 2070 ianr

38 2111 55 2138 ι’
146 2105 234 2171 utque
253 2099 395 2160 coniectis
413 2107 484 2176 post
502 2118 528 2161 a.
547 2101 611 2174 38¹)
636 2118 692 2160 sua
715 2102 906 2161 conscribere
929 2099 1106 2168 instituerit,
1132 2097 1272 2158 dubitare

22 2181 58 2275 ’.Υ
147 2202 203 2244 ιιοιι
230 2205 393 2261 possumus,
422 2191 613 2263 quusrnohrem
642 2191 707 2249 eius
736 2205 852 2264 qnoque
886 2189 924 2249 ils
953 2187 1161 2261 scriptoribus,
1201 2203 1274 2260 quos

147 2272 282 2334 Sallustii
300 2277 444 2337 librorum
464 2277 614 2338 studiosos
633 2277 728 2336 inisse
747 2275 963 2340 contendimus.
983 2272 1200 2335 annumerandi
1216 2289 1275 2334 nou

28 2445 30 2455 y
146 2360 289 2422 immerito
307 2371 491 2439 potestatem
508 2365 662 2426 habemus.

218 2451 399 2529 Magnopere
419 2461 518 2514 autem
548 2461 597 2513 est
619 2455 706 2513 nohis
734 2453 903 2527 dolendum,
931 2453 1008 2526 qnod
1036 2451 1183 2511 historiae
1209 2449 1275 2510 eius

147 2537 330 2615 Philippicae
348 2559 403 2616 per
429 2541 524 2600 multa
543 2540 694 2600 uolumina
717 2541 842 2600 diffusus
866 2541 938 2600 exili
960 2538 1164 2600 tautummodo
1186 2544 1277 2629 atque

147 2627 245 2686 ieiuna
254 2630 380 2703 epitome
394 2629 540 2689 alustino
553 2629 797 2705 circumscriptae
810 2634 926 2695 extant.
945 2646 1004 2703 qna
1022 2635 1083 2688 tam
1101 2633 1276 2700 contractae

32 2725 40 2782 ᾖ
148 2715 378 2790 decurtataeque
406 2722 479 2776 snut
506 2734 593 2792 quum
621 2717 792 2794 mutilatae.
830 2715 928 2790 Quum
955 2733 1053 2792 pauco
1079 2715 1277 2776 retinuissent

37 2797 67 2826 ’“
147 2801 1276 2879 Iustinioxceuptn.inmsenseruntHecren²)‚lVolii'garteu³)‚Borchardth,

148 2907 268 2964 quorum
287 2893 338 2952 ille
357 2894 404 2953 uir
422 2893 645 2954 illustrissimus
668 2911 778 2966 magua
802 2895 988 2954 auctoritate
1010 2893 1067 2954 hoc
1084 2893 1181 2953 edidit
1202 2891 1277 2953 ludi·

148 2978 236 3038 cium:
255 2979 355 3042 Putet
373 2999 410 3041 ex
429 2983 504 3057 ipsis
523 2983 681 3058 scriptoris
694 2981 826 3054 uerbis⁵)
846 2999 914 3042 eum
927 2983 1083 3042 non'omne
1096 2998 1172 3056 opus
1183 2979 1279 3056 urum

148 3066 178 3125 in
192 3068 337 3142 epitomen
350 3069 490 3143 1=odrgere
502 3087 558 3130 noo
570 3071 774 3145 compendium
787 3070 935 3131 historiae
948 3072 1108 3131 uniuersae
1121 3070 1278 3144 conticere,

149 3155 201 3212 scd
220 3156 421 3230 anthologiam
440 3158 540 3232 potius
559 3157 733 3217 historicam
754 3175 790 3217 ex
809 3175 919 3231 magno
939 3175 1030 3234 opere
1049 3157 1146 3232 Trogi
1172 3158 1278 3220 collec-

19 3223 24 3234 ’
46 3294 48 3308 ,
121 3254 125 3264 ·
149 3249 208 3300 tam
227 3245 366 3303 exhihere
386 3244 534 3305 uoluisse.⁴
572 3244 660 3304 llodo
679 3248 873 3308 narrationes
892 3247 1012 3322 copiose
1032 3254 1064 3307 at
1081 3255 1189 3306 ornato
1209 3265 1276 3308 curn·

47 3391 50 3414 1
148 3329 222 3388 iecit
239 3331 322 3390 modo
341 3333 478 3392 breuiter
497 3334 655 3392 admodum
674 3340 707 3392 et
724 3331 823 3394 ieiuno
842 3335 1005 3412 exposuit·

223 3417 327 3492 Aegro
355 3420 452 3494 igitur
485 3421 629 3482 soluenda
660 3427 710 3480 est
737 3423 889 3496 quinostio.
922 3413 982 3499 qua
1012 3422 1131 3483 ratione
1160 3422 1280 3498 Trogus

49 3535 51 3567 ;
150 3501 287 3562 Sallustii
311 3508 465 3568 studiosus
488 3509 589 3582 inerit,
617 3526 682 3569 cum
707 3516 793 3568 certa
817 3511 882 3569 eins
906 3511 1006 3586 operis
1029 3511 1202 3584 irognucuts
1220 3529 1280 3574 uua

46 3721 58 3758 'v
96 3719 102 3730 '
220 3733 239 3806 u
257 3737 290 3794 cr.
310 3739 407 3796 nrum
424 3741 443 3797 ι.
462 3741 481 3796 ι.
499 3759 525 3812 1».
542 3731 594 3799 sa¹
635 3715 637 3722 ’

33 4630 36 4707 i
58 4623 64 4666 ἶ
149 4633 198 4700 his,
220 4652 284 4709 quoe
302 4652 350 4694 nec
368 4638 545 4710 cogruoscendi
566 4637 702 4712 uoluptate

150 3649 414 3668 m.—
485 3665 488 3672 ι

1157 3723 1191 3735 ¹·-

308 3809 403 3866 Kritzii
421 3811 500 3880 opust
517 3811 606 3892 critic.¹
619 3810 654 3867 ud
673 3810 912 3902 Wuostemanunm
941 3811 970 3869 iu
997 3813 1080 3873 ciusd.
1098 3813 1163 3870 sut
1184 3813 1279 3871 histri.

306 3877 785 4072 Hngggiiissnfglssckffieffibgr
799 3880 1091 4008 Χὲἕιιιῗῃὸοειιιιιιιιο.
1121 3951 1135 4010 1
1162 3951 1280 4010 Catilius

221 4080 242 4150 ²)
259 4085 286 4141 in
305 4015 626 4143 οιιοοξέῗιιξιιδὲιξιΐιιέιίἐιίι
651 4019 764 4143 duffio·
789 4087 822 4142 dc
840 4083 923 4158 'Propi
948 4087 1067 4161 Pouupuii
1093 4091 1149 4146 cius
1169 4109 1202 4148 oe
1225 4092 1280 4164 epi·

150 4154 286 4236 torristoris
303 4155 399 4212 instiui
418 4153 537 4212 sontibus
556 4159 585 4211 et
596 4157 766 4212 auctoritate.
790 4156 892 4213 Conium
906 4175 963 4226 reu.
979 4175 1030 4214 soc.
1050 4159 1142 4215 scient.
1150 4111 1277 4232 ⁸{initium

149 4220 201 4275 rol.
218 4221 266 4275 hv
286 4222 360 4280 1802.
383 4225 587 4310 iliramitcrum
605 4226 676 4297 typis
694 4241 830 4312 excussum
848 4225 1022 4312 Frotschcros
1040 4228 1082 4285 ed.
1095 4229 1164 4286 lust
1177 4247 1209 4288 er
1228 4247 1279 4287 rou.
1319 4263 1323 4268 ·

27 4394 30 4431 2
150 4289 689 4442 GililiillillhJ‘liilihll
708 4294 1014 4423 innituit
1037 4366 1126 4438 ma
1153 4368 1280 4441 alm

20 4448 31 4540 τι
150 4431 830 4572 εηπειωέῐιῖιίᾚῗιιιξῗῗῖῗιιοιιιεῗξιιὸιιιιὲἰιιιιῖἰῖιγιιιιο
842 4503 906 4559 diss.
921 4502 1071 4574 Gryphium.
1085 4503 1153 4560 1875
1166 4523 1184 4578 p
1197 4508 1215 4562 3

220 4565 231 4600 ι
258 4567 441 4638 ruptarii:
472 4570 624 4640 cognitione
652 4587 770 4695 puerone
799 4571 957 4643 dignissima
981 4574 1098 4637 oscensi
1123 4579 1154 4630 ot
1177 4523 1281 4632 amm

731 4639 836 4696 ucunds
853 4657 903 4697 occ
921 4643 1042 4717 exemplo
1066 4647 1144 4702 eraut
1161 4661 1280 4704 messus·

150 4703 198 4771 ris,
216 4705 294 4763 breue
312 4708 396 4764 ueluti
415 4707 510 4765 dorum
525 4708 710 4781 corpusculum
727 4709 787 4768 ieci.
