3300 5128
184 851 278 912 locum
301 852 442 927 ilabebat,
472 857 503 911 et
526 856 632 910 contra
649 867 821 926 usurpasse,
849 849 948 909 obiter
969 849 1026 909 tilrl
1046 845 1219 923 inspicienti
1235 847 1311 908 satis
1348 869 1354 874 ·
1442 851 1447 922 ζ

186 942 358 1014 rurprmelrtt3
378 939 505 1014 exempli
523 939 636 1012 gratia:
656 937 723 998 Cat.
741 939 786 1012 51,
807 940 853 998 ld:
878 939 915 998 de
939 953 1035 1013 poena
1055 935 1221 1009 disserunt;
1243 935 1311 1009 Ing.

186 1028 230 1100 30,
239 1028 270 1086 l:
284 1045 359 1102 quiae
369 1029 399 1086 iu
415 1027 551 1086 corrtione
566 1057 601 1068 ·-
615 1025 815 1087 huiuscemodi
830 1025 933 1085 ueritis
948 1023 1092 1084 disseruit
1099 1023 1135 1096 ¹);
1150 1023 1218 1098 Iug.
1228 1024 1312 1096 ddi:

191 1115 304 1174 litrruae
328 1115 542 1187 Numidiaeque
570 1114 704 1173 iocinore
730 1114 794 1174 elus
822 1119 982 1182 ureruoratr
1011 1111 1079 1171 Cat.
1099 1111 1126 1184 3,
1144 1110 1176 1170 2:
1205 1112 1255 1171 ubl
1277 1110 1314 1170 os

187 1221 296 1276 magua
318 1204 431 1262 uirtute
450 1209 482 1261 et
499 1202 597 1274 gloria
614 1203 754 1261 bonorum
766 1219 926 1268 rutaruorem
946 1199 1014 1260 Cat.
1026 1201 1053 1271 4,
1065 1199 1096 1258 3:
1116 1199 1152 1259 de
1165 1197 1317 1258 Catilinae

189 1290 404 1358 coniuratione.
425 1307 511 1363 quam
530 1290 693 1350 verissume
706 1295 820 1366 potero,
840 1290 946 1366 paucis
964 1286 1131 1360 subsolraun
1150 1285 1218 1362 Ing.
1232 1287 1274 1362 ll,
1285 1286 1315 1347 2:

188 1387 296 1440 cetera
316 1395 403 1452 qrrtun
421 1377 616 1451 paucissumis
635 1377 825 1450 absolvam2).

267 1466 366 1539 Quid?
390 1465 424 1524 Si
442 1464 616 1525 Sallustium
629 1483 694 1524 eum
706 1465 787 1525 ieme
800 1465 899 1538 uelim,
912 1466 997 1524 onius
1011 1463 1188 1525 auctoritati
1198 1463 1319 1538 mogus

129 1543 131 1548 ’
190 1561 298 1630 pareat
316 1554 347 1612 iu
367 1555 480 1628 uerbis:
496 1555 534 1622 ,si
552 1555 635 1614 modo
660 1561 712 1614 aut
729 1555 881 1630 proxiruas
905 1555 994 1628 reguli
1016 1553 1148 1613 Attalici
1172 1569 1244 1627 opes
1267 1560 1320 1612 sut

192 1649 311 1700 ueteres
329 1641 446 1715 Lydiae
465 1642 626 1717 Ioniaeque
645 1643 796 1702 audieruut
815 1644 853 1713 (c.
873 1644 899 1716 7,
918 1643 970 1715 7)?
990 1642 1177 1716 lituumquam
1196 1641 1320 1702 similem
1361 1635 1365 1644 ’

192 1731 350 1790 uerborum
370 1731 501 1790 ordinem
520 1748 578 1790 nou
597 1731 716 1790 exiribet
736 1733 783 1802 (-
803 1749 842 1790 au
861 1732 892 1792 iu
911 1733 950 1792 iis
964 1726 1160 1793 historiarum
1173 1732 1321 1807 partium,

194 1835 269 1894 quiue
288 1824 417 1878 aetcuem
437 1835 495 1878 uon
513 1819 656 1893 tulerunt,
675 1837 739 1879 eum
761 1819 903 1879 extitisse
917 1820 1036 1895 opinari
1049 1820 1116 1882 uis?
1136 1821 1194 1893 —),
1213 1826 1322 1894 tamea,

194 1907 271 1982 quood
294 1907 434 1966 amlieudi
453 1909 575 1966 uerbum
593 1913 707 1966 etcum
725 1908 770 1966 rei
789 1909 965 1968 accusativo
984 1915 1016 1968 et
1039 1909 1175 1970 ablativo
1198 1925 1323 1985 luraepo·

195 1995 360 2068 sitiouequc
371 1995 425 2068 ,do‘
436 1994 611 2067 eorrstmmit,
624 1995 729 2054 ueluti:
743 2011 820 2069 quae
836 1996 954 2070 agitari
968 2029 1004 2038 —
1014 1997 1143 2058 attulistis
1156 1996 1225 2059 Cat
1238 1997 1323 2071 tuta

196 2159 464 2170 ——-———-

268 2259 286 2327 ¹i
305 2260 337 2314 ln
356 2259 450 2330 quibus
469 2259 531 2330 quid
555 2259 662 2314 intersit
678 2259 896 2316 Bodstuelmerus
914 2261 933 2318 l.
952 2262 970 2317 l
989 2279 1015 2333 p.
1035 2263 1069 2317 12
1086 2262 1209 2334 explieat

266 2330 287 2397 Ξ)
305 2329 394 2384 Aliter
407 2333 494 2385 autem
508 2327 540 2385 de
557 2328 680 2384 audiendi
698 2329 787 2395 uerbo,
806 2330 877 2400 quod
896 2330 991 2387 cadom
1009 2349 1041 2387 ex
1059 2348 1140 2388 cause
1157 2331 1211 2389 lruc
1229 2347 1326 2390 nanee·

198 2405 253 2458 tore
271 2397 486 2457 liedstucbocrue
505 2415 556 2454 uon
576 2397 715 2464 ‹inliterit
731 2399 905 2456 iudicandum
924 2418 983 2456 csse
1006 2401 1130 2457 existimo
1154 2418 1240 2474 neque
1264 2401 1327 2458 huie
1410 2441 1414 2449 ³

198 2472 255 2527 uiro
274 2469 427 2527 doctissimo
451 2468 587 2539 astipulari
610 2484 724 2539 possum.
755 2468 832 2536 Quod
858 2469 966 2540 quidem
984 2469 1142 2526 uocabulum
1167 2471 1238 2539 iilos,
1263 2487 1328 2544 quoe

94 2563 97 2572 ’
199 2540 261 2604 dixi,
279 2555 355 2596 casus
373 2537 491 2602 assumit,
508 2555 559 2593 uon
578 2541 675 2602 mareu,
694 2537 763 2609 quod
781 2537 916 2594 obiectum
935 2541 1042 2597 notione
1071 2541 1146 2612 quasi
1173 2539 1284 2597 diducta
1300 2543 1330 2596 ct

200 2610 226 2664 iu
245 2615 334 2680 partos
351 2606 439 2662 soluto
463 2605 628 2662 indefinitum
646 2609 686 2663 ito
703 2612 733 2662 ot
751 2607 874 2678 singulae
893 2615 983 2680 partos
1001 2609 1131 2680 distingui
1150 2610 1261 2682 possint,
1283 2611 1330 2666 eut

202 2695 255 2734 uon
274 2677 435 2750 proponitur,
453 2693 518 2747 quae
537 2675 596 2742 duo,
614 2681 645 2732 ot
662 2676 879 2734 Ratlstocbnerus
898 2679 964 2744 vult
989 2695 1095 2736 omnem
1119 2695 1227 2736 causam
1246 2679 1330 2736 couti·

200 2752 271 2813 aetat,
290 2763 373 2818 nequo
393 2743 463 2816 qood
481 2746 680 2816 significationis
699 2746 884 2802 diversitatem
912 2750 992 2819 capit,
1016 2765 1083 2821 quae
1108 2748 1142 2804 ed
1169 2753 1330 2806 structurum

201 2817 340 2888 pertineat
372 2813 471 2897 Verbo·
484 2814 588 2878 ‚crudire¹
613 2816 683 2870 onim
701 2816 744 2898 rel
762 2815 817 2871 uiur
836 2833 883 2872 sco
902 2817 1059 2900 laenitatem
1078 2817 1206 2902 audiendi
1222 2817 1330 2903 hurbem.

203 2883 1332 3028 titillationiiristitiam¹'ixdiiiliiintltidilitdatii
1390 2993 1392 2998 .

203 3022 439 3160 nitimini
456 3022 1130 3176 fritinnit-ilidii‘iiilriiiiiitl't
1144 3027 1336 3169 ‘iniunt
1408 3131 1409 3135 a
1507 3107 1511 3112 ·

207 3167 235 3218 ct
252 3164 451 3234 perlustramus,
470 3167 649 3217 accusaturum
667 3179 721 3220 erue
739 3179 866 3232 personae
885 3163 1023 3220 cuiusdam
1041 3165 1098 3222 siue
1111 3165 1266 3222 eumalium
1277 3167 1333 3222 eive

209 3249 305 3298 rorum,
323 3247 390 3304 quae
414 3234 506 3286 ceant
524 3231 618 3297 auimo,
644 3248 695 3288 uon
719 3231 850 3302 praebent
874 3235 928 3290 nisi
946 3235 969 3290 si
987 3234 1088 3292 enimol
1106 3239 1135 3290 et
1150 3252 1193 3292 ree
1209 3236 1250 3292 ite
1266 3237 1337 3300 sunt,

143 3349 145 3352 .
210 3303 286 3358 cuius
303 3318 360 3367 uox,
378 3301 512 3370 strepitos,
529 3317 615 3368 mous,
635 3301 764 3368 tremitur,
783 3319 850 3372 qum
869 3303 962 3368 odunt,
987 3303 1046 3374 ipse
1073 3304 1225 3372 ordiantur,
1248 3302 1337 3361 nutui
1376 3335 1378 3338 ·
1403 3328 1407 3336 ·

208 3389 250 3426 ros
268 3370 403 3427 auditione
426 3377 456 3424 ct
479 3370 551 3425 intro
576 3370 745 3442 accipinutur,
769 3371 792 3426 si
811 3370 890 3427 ruodo
908 3373 1080 3444 proferuntur
1098 3374 1125 3430 iu
1143 3375 1270 3431 mediata.
1307 3373 1336 3429 Sl

209 3457 270 3500 uero
289 3439 396 3506 ‚audire⁴
416 3443 457 3495 est
474 3455 618 3494 scurionem
629 3438 727 3495 audire
745 3439 779 3496 de
797 3438 885 3508 rebus,
905 3459 972 3514 quoe
990 3459 1043 3499 aco
1068 3443 1139 3500 trudi
1168 3445 1289 3515 poseant,
1304 3441 1338 3499 tle

208 3509 302 3580 quibos
321 3509 444 3574 tunditur,
462 3509 504 3564 uel
530 3509 610 3565 hdren
628 3525 678 3564 uon
696 3507 760 3565 oder
787 3509 854 3566 liber
872 3511 971 3579 lituos,
989 3517 1021 3568 ot
1043 3512 1139 3584 lingua
1161 3517 1254 3570 nostre
1271 3515 1340 3579 otor,

209 3579 364 3650 plerumque
382 3577 516 3632 oblativa·
533 3593 593 3634 com
605 3579 798 3649 prmpositioue
817 3579 867 3646 ‚dc‘
886 3581 1008 3653 usurpari
1020 3582 1098 3638 solet.
1124 3581 1177 3638 Pro
1190 3585 1339 3654 quemue·

209 3655 269 3704 turo
287 3648 402 3704 alterurn
422 3645 490 3718 apud
508 3645 624 3719 l'rogom
647 3647 782 3704 interdum
808 3649 937 3706 substitui
962 3649 1084 3723 equidem
1109 3649 1226 3709 arbitror
1249 3655 1279 3708 et
1300 3651 1340 3708 lte

208 3719 377 3788 interpretor,
395 3733 463 3782 eoru,
475 3717 548 3772 nollo
563 3717 675 3783 omuino.
700 3723 730 3773 ut
741 3718 809 3774 milri
821 3719 937 3786 uidetur,
955 3721 1072 3776 aetionis
1085 3719 1247 3788 discrimine.
1264 3737 1342 3777 ecco·

209 3787 323 3842 sutirum
341 3787 369 3843 le
391 3786 465 3850 'rurus
483 3784 528 3841 ulti
546 3785 679 3843 oblatione
696 3791 725 3842 et
748 3789 913 3859 praepositio
930 3789 980 3855 ‚de‘
1006 3793 1202 3862 exspectantur.
1239 3790 1285 3848 Sie
1302 3789 1343 3848 Ιπ·

210 3857 363 3928 tellegitur:
399 3872 430 3912 ae
448 3854 539 3911 audito
575 3873 645 3928 agne
661 3858 777 3914 uterinae
794 3860 893 3942 pared
915 3859 1032 3916 uiteuise
1050 3875 1108 3916 sese
1121 3859 1219 3916 Croeso
1238 3857 1343 3917 deuon

211 3925 297 4009 (Caes.
316 3924 350 3982 de
367 3924 431 3982 bell.
450 3925 519 4007 (leli.
537 3873 579 3981 lit
597 3927 639 3991 al,
653 3927 692 3996 l);
718 3927 818 3983 auditus
837 3927 955 3984 nostrum
973 3929 1056 4014 copiis
1081 3929 1242 4000 ‚espieereut
1267 3945 1344 3984 muru

211 4012 263 4066 rpn
279 3996 421 4051 exercitum
439 3993 507 4063 (Lm.
526 3995 602 4051 xnll
619 3996 661 4062 52,
681 3997 736 4067 10),
754 4014 846 4052 omnes
864 3996 958 4053 ciuiles
984 3997 1165 4056 demersiones
1189 4015 1242 4055 noo
1259 3999 1349 4056 eoluur

195 4081 266 4128 -eas,
284 4081 349 4136 ques
371 4063 483 4120 aeduus
506 4063 602 4133 (Cicer.
619 4065 706 4121 neseio
726 4082 779 4138 quo
805 4067 883 4137 loeo),
907 4067 953 4123 obi
979 4067 1167 4140 expoliendum
1191 4073 1247 4126 est:
1273 4071 1346 4140 poet·

99 4161 105 4194 ρ
215 4150 292 4206 quum
311 4132 422 4199 audiuit
440 4149 506 4204 qnae
516 4149 610 4216 pogna
622 4135 724 4202 tuost
743 4136 801 4191 sire
814 4151 935 4207 pugnam
949 4152 1007 4193 esee
1020 4139 1121 4196 tectam
1139 4139 1196 4195 sire
1208 4137 1243 4194 ule
1311 4153 1347 4193 ne

215 4203 370 4270 commissu
394 4203 417 4259 si
434 4201 605 4272 convisunt,
633 4221 698 4277 quoe
716 4205 808 4277 copies
837 4204 956 4262 hostium
974 4212 1066 4265 essent
1082 4207 1125 4264 rel
1142 4205 1177 4265 tle
1195 4153 1347 4280 eopiff'etc·

289 4441 315 4566 *Δ
333 4441 368 4500 u.
389 4441 490 4500 lexicon
508 4445 590 4501 unu.
604 4445 751 4502 ammas
769 4447 792 4504 r.
803 4419 962 4514 rueram,
973 4446 1041 4520 reg.
1054 4447 1198 4506 rosetum
1209 4451 1239 4506 a
1250 4447 1272 4506 u
1284 4447 1351 4506 rm
1448 4503 1453 4514 ,

218 4512 293 4570 leuet
344 4527 415 4578 core,
442 4529 520 4584 opera
546 4530 577 4572 no
605 4513 693 4570 studio
719 4515 899 4585 lucubratam,
933 4533 1002 4575 naue
1032 4517 1141 4576 domurn
1174 4519 1249 4576 iuxta
1272 4533 1352 4592 opere

221 4582 253 4637 n.
265 4579 353 4664 illoto,
371 4579 403 4638 (l.
416 4581 744 4648 incoadunatione
763 4585 927 4660 aliorumque
941 4587 1118 4645 recentiorum
1134 4587 1246 4658 suctim,
1263 4605 1352 4647 erosa·

223 4649 311 4704 dutum
328 4649 463 4706 meliorem
484 4668 514 4708 oe
532 4652 559 4708 iu
577 4653 689 4709 turmam
707 4653 846 4712 muretum
864 4661 975 4716 emente
993 4657 1139 4717 urenenee
1156 4655 1307 4718 manunt

291 4715 400 4774 Poterit
420 4669 495 4777 leui.
530 4720 582 4778 uoi.
599 4721 621 4780 l.
640 4739 662 4780 ι.
679 4736 705 4780 r.
723 4722 812 4783 scote
1280 4731 1329 4784 ιθ

1174 4798 1194 4861 ὃ
