3300 5128
751 647 822 712 ,27

631 727 634 734 ”
692 731 908 748 —tu—

243 853 328 916 libris
346 852 519 932 Appianum
547 850 686 916 hausisse
704 855 897 917 Reiuhnrdus
915 855 1058 928 Iordan¹)
1086 855 1234 931 opinatur.
1270 849 1367 926 Atqui

240 945 374 1005 Iustinus
393 943 442 1003 rel
469 941 629 1017 Pompeius
657 943 787 1016 Trogus,
815 960 989 1017 quamquam
1018 943 1048 1002 iu
1071 944 1222 1019 prioribus
1240 957 1325 1017 capp.
1345 937 1365 998 l

241 1032 415 1096 XXXVIII
439 1031 553 1090 animos
577 1037 697 1091 nostros
722 1048 741 1089 a
765 1031 942 1091 Mithridate
965 1031 1120 1106 alienauit,
1142 1037 1242 1090 tamen
1264 1044 1367 1103 prooe-

241 1121 329 1180 denie
348 1122 425 1180 libro
445 1118 547 1178 iacere
565 1134 624 1177 nou
642 1119 785 1192 potuerit,
809 1119 878 1193 quin
903 1119 960 1178 tali
982 1134 1082 1177 rarum
1106 1124 1260 1191 gestarum
1279 1133 1368 1191 expo·

241 1209 349 1268 sitione
377 1207 554 1282 incorrupta
577 1205 643 1276 fida,
672 1207 790 1280 quadem
814 1207 893 1281 apud
911 1205 1083 1280 Appianum
1105 1205 1241 1279 legimus,
1264 1205 1369 1264 addim

240 1297 269 1355 in
289 1295 453 1355 orationem
471 1294 556 1366 regis
575 1293 614 1352 ad
633 1293 842 1354 sollicitandas
861 1299 967 1354 contra
979 1292 1131 1354 Romanos
1142 1292 1365 1353 ciritatcshuic

239 1384 377 1444 veritatis
397 1381 527 1456 aliquam
546 1381 673 1455 speciem
692 1382 899 1456 imponendam
917 1380 1011 1440 inisse
1030 1379 1213 1454 cognoverit
1245 1380 1315 1454 Qua
1334 1379 1366 1438 lu

239 1489 273 1531 re
291 1471 465 1531 inculcatam
485 1479 517 1530 et
540 1470 705 1530 sollertiam
730 1469 887 1544 scriptoris
910 1470 1007 1530 nostri
1030 1469 1156 1529 laudare
1180 1485 1217 1529 aa
1238 1469 1368 1543 probare

240 1561 386 1629 dehemus,
406 1575 465 1634 qua
483 1559 690 1618 aduersarium
713 1575 750 1618 ex
776 1558 871 1633 ipsius
894 1557 1003 1617 iudicio
1022 1573 1098 1632 quae
1121 1557 1204 1616 iurata
1226 1563 1298 1617 suut
1320 1573 1371 1616 ex·.

236 1648 396 1722 plicantem
420 1635 575 1706 induxisse
594 1647 621 1705 ei
639 1647 715 1705 bene
733 1645 905 1720 contigerit.
938 1645 1007 1704 Has
1026 1651 1126 1720 autem
1143 1661 1193 1704 res
1212 1660 1300 1718 quam
1318 1661 1368 1720 pe·
1457 1717 1460 1722 Ι

238 1736 318 1794 nitus
342 1733 475 1808 Trogum
503 1739 627 1808 praeter
655 1739 773 1792 ceteros
802 1733 968 1808 hrspexisse
994 1739 1093 1808 putas,
1122 1750 1207 1808 quem
1235 1733 1368 1808 priorum

237 1823 351 1896 quidem
371 1813 557 1882 ilith'ridatis
575 1822 692 1896 imperii
710 1839 854 1882 annorum
873 1821 1029 1882 historiam
1047 1823 1229 1896 complexum
1242 1838 1309 1882 esse
1327 1839 1368 1881 ex

238 1909 347 1970 Iustini
369 1913 496 1986 epitome
519 1910 638 1971 elucet?
665 1911 752 1985 Quae
771 1911 895 1970 subesse
913 1909 1054 1970 ridentur
1073 1911 1109 1982 el,
1129 1911 1207 1984 quod
1227 1926 1246 1968 a
1264 1909 1367 1983 'l'rogo

238 1998 300 2056 solo
320 1999 449 2058 orationi
473 1999 683 2073 hrterpositnru
702 2004 759 2068 est,
788 1997 865 2072 qnod
888 1997 968 2072 apud
992 1995 1169 2058 Sallustium
1196 2014 1254 2058 nou
1278 2003 1366 2057 extat

237 2103 331 2160 neque
350 2093 457 2145 extrue
475 2091 587 2160 potest,
606 2103 671 2145 curn
690 2091 725 2144 ut
743 2102 844 2160 regem
858 2102 924 2145 curu
936 2085 1080 2145 Roruranis
1098 2086 1158 2145 iam
1176 2102 1369 2161 congressum

243 2174 428 2233 describeret
448 2172 505 2232 sibi
524 2173 687 2247 proposuit.
705 2173 799 2248 Apud
812 2174 891 2233 huuc
903 2172 980 2232 enim
994 2174 1152 2246 agebatur,
1170 2192 1239 2234 uum
1252 2173 1369 2235 Mithri·

240 2261 326 2322 dates
345 2260 447 2320 multis
466 2260 607 2319 fortunae
627 2261 843 2320 acerbitatibus
862 2261 995 2335 acceptIs
1012 2260 1193 2321 Parthorum
1210 2279 1314 2338 regem
1332 2261 1372 2322 ed

244 2350 417 2408 societatem
437 2353 644 2422 corrrmoueret,
664 2365 720 2421 quo
739 2345 850 2408 bellum
873 2348 1043 2409 recollectis
1062 2350 1176 2411 viribus
1196 2351 1232 2411 de
1251 2351 1371 2426 integro

241 2437 417 2496 exoriretur.
455 2435 566 2510 Itaque
594 2442 752 2511 postquam
779 2436 851 2496 belli
880 2437 1026 2510 orighmm
1054 2439 1189 2498 breviter
1216 2441 1369 2514 astrinxit,
1442 2453 1445 2462 ’

243 2525 384 2598 quonodo
399 2523 496 2582 adhuc
509 2529 627 2598 gestum
640 2525 690 2599 sit,
709 2525 848 2584 narravit
860 2525 905 2584 itu
916 2524 1084 2600 illustrans,
1102 2533 1137 2585 ut
1146 2527 1252 2603 procul
1265 2529 1371 2588 abesse

242 2630 300 2671 uon
318 2613 477 2688 potuisset,
496 2613 568 2685 quin
585 2611 717 2673 Parthos
737 2613 882 2672 societate
901 2619 934 2674 et
950 2613 1072 2675 foedere
1095 2615 1153 2675 sibl
1180 2615 1367 2689 adsurgeret.

208 2731 211 2736 ·
242 2699 357 2761 Contra
379 2701 515 2776 pericula
533 2706 641 2773 autem,
661 2717 737 2775 quae
755 2701 872 2762 instare
891 2702 959 2775 regi
978 2702 1170 2764 Mithridates
1190 2702 1330 2774 affirmat
1349 2722 1369 2764 a

243 2789 345 2862 Trogo
363 2787 568 2864 praedicanda
587 2792 654 2847 erat
676 2788 749 2848 belli
767 2787 901 2847 condicio
919 2788 1019 2850 facille
1038 2797 1070 2850 et
1087 2791 1237 2866 expeditu,
1260 2793 1291 2851 iu
1311 2810 1370 2869 que

238 2879 359 2938 nimimu
377 2876 568 2952 depingenda
587 2891 645 2935 nou
664 2892 808 2951 perquem
827 2877 966 2952 exiguum
986 2881 1068 2953 sapit
1086 2879 1136 2951 (ct
1150 2881 1253 2954 capi,
1269 2882 1368 2942 5—li'a

240 2968 266 3040 7,
284 2966 387 3038 u-u).
639 2977 647 2988 '
781 3033 784 3039 ,
1081 2971 1082 2975 ’

314 3054 374 3128 Qui
393 3054 558 3128 scriptores
577 3059 697 3113 uestros
715 3052 796 3112 iuter
815 3071 848 3114 se
866 3060 990 3130 propter
1002 3054 1067 3130 hos,
1086 3057 1257 3130 quosmodo
1270 3057 1371 3123 attuli.

244 3143 325 3204 locos
344 3150 464 3202 certare
481 3142 665 3217 praetendit,
689 3141 857 3201 meminerit
874 3141 964 3202 hasce
983 3143 1202 3218 discrepantias
1220 3133 1371 3220 nuuuquam

241 3247 366 3306 prorsus
385 3231 479 3290 vitari
497 3245 586 3304 posse
605 3231 643 3288 ab
662 3229 816 3300 historico,
834 3231 885 3302 qui
904 3229 1031 3290 alterius
1049 3231 1226 3292 relationem
1244 3251 1303 3293 nou
1320 3234 1370 3294 de·

243 3321 385 3391 scrihere,
419 3319 472 3378 sed
496 3323 673 3377 convertere
695 3317 727 3376 iu
750 3334 814 3376 rem
836 3333 920 3376 suam
954 3317 1012 3377 sibl
1038 3321 1237 3394 proposuerit.
1282 3321 1372 3381 'Palla

240 3409 314 3468 nihil
323 3406 436 3479 velent
450 3405 519 3464 dum
529 3411 632 3464 cetera
644 3405 720 3463 nrira
732 3404 890 3464 concordia
902 3410 1017 3464 extant
1039 3406 1125 3480 Quae
1139 3409 1190 3481 qul
1202 3409 1371 3484 neglegens

241 3496 367 3555 alterum
386 3510 424 3552 ex
442 3492 541 3551 altero
559 3508 659 3551 rerum
679 3491 856 3566 scriptorem
881 3490 1020 3553 hausisse
1042 3501 1144 3570 ruerat,
1167 3495 1316 3558 rationem
1339 3504 1372 3557 et

240 3583 356 3644 modum
374 3597 485 3653 eorum,
506 3579 556 3653 qui
575 3579 720 3639 ldstorias
738 3586 926 3653 componunt,
945 3597 1062 3642 aesone
1079 3583 1232 3660 putandus
1250 3591 1307 3645 est

313 3671 358 3732 Ut
392 3665 583 3730 summarium
620 3667 793 3728 iraditiouh
825 3667 1031 3728 Sallustianae
1062 3669 1195 3746 'drogum
1223 3674 1372 3745 praebere

241 3757 389 3832 suspicari
415 3757 515 3829 liceat,
544 3771 579 3814 eo
608 3771 724 3830 quoque
752 3755 934 3827 adducimur,
962 3755 1041 3830 quod
1067 3759 1211 3818 nonnulla
1237 3776 1372 3834 congrua

242 3848 335 3906 verba
365 3863 402 3905 ex
429 3843 567 3904 oratioue
595 3843 784 3919 epistulaque
810 3859 962 3918 apponere
989 3837 1159 3918 pessumum
1187 3846 1241 3906 sed
1268 3847 1306 3921 de
1332 3848 1390 3907 lis·

242 3935 397 4010 scrupulos
416 3950 462 3992 me
482 3931 638 3992 sthuulare
657 3948 693 3992 ec
710 3948 846 4008 pungere
859 3949 918 3992 uon
930 3948 1017 4007 nego,
1036 3950 1074 3992 ue
1085 3932 1159 3994 iezoi
1170 3935 1268 4009 magn
1281 3951 1369 4010 quam
1387 3985 1390 3993 ι

242 4024 400 4100 scriptorir
418 4021 543 4084 consilio
563 4022 738 4082 debeantur.

310 4148 382 4223 Age
399 4163 473 4208 rero
491 4147 643 4210 conseres:

237 4327 241 4334 -
272 4379 347 4454 §132
360 4289 643 4441 llarcunsragottam.
657 4379 779 4457 ..apud
868 4397 892 4442 c.
915 4377 948 4457 4,
971 4381 1003 4444 t:
1031 4288 1142 4461 quimett
1166 4381 1198 4445 lu
1224 4377 1372 4462 Bithynis

240 4467 431 4530 Chalcedona
449 4467 513 4529 iudi
532 4475 625 4531 terra
830 4471 1199 4624 &aaudifflffltlaltluum
1211 4475 1242 4534 lu
1253 4474 1371 4553 Cappa·

242 4727 270 4784 di
304 4661 331 4787 ὲ)
350 4660 444 4718 heich.
463 4659 560 4719 lordum
579 4661 612 4726 de
631 4662 750 4721 lentibus
768 4665 883 4738 Appiani
900 4667 927 4724 iu
946 4665 1025 4724 bellis
1037 4666 1229 4726 iiithridaiieh
1244 4685 1370 4730 ruamu-

271 4747 284 4786 r
329 4731 451 4802 ettiugm
471 4729 549 4790 1872.
