3300 5128
332 828 379 884 est
397 823 448 884 rel
466 824 557 886 etiem
577 824 655 900 apud
673 825 799 886 comicos
817 832 938 887 veteres
957 832 989 887 et
1008 826 1085 887 allos
1107 825 1224 901 priseos
1248 829 1390 885 auctores
1414 840 1461 884 re·

284 961 287 968 .
330 913 456 988 peritur,
475 912 607 988 Trogum
626 913 689 988 hos,
708 931 766 973 nou
780 915 862 974 illurn
875 915 1022 974 irruitatum
1035 933 1102 975 esse
1116 915 1202 975 nobis
1218 914 1462 990 persuadeamus,

332 1000 515 1077 Scriptorenr
534 1007 668 1062 nostruin
688 1019 799 1063 summo
818 1021 918 1064 amore
937 1005 1149 1078 antiquitatem
1162 1004 1330 1079 amplerum
1344 1003 1463 1076 priseae

331 1091 478 1151 orationis
501 1091 642 1164 uestigiis
662 1092 764 1151 inultis
788 1093 819 1151 in
838 1093 929 1152 rebus
948 1093 1097 1152 institisse
1120 1091 1308 1164 coloremque
1326 1089 1359 1152 iu
1378 1106 1463 1149 usum

332 1195 415 1238 snum
434 1181 620 1239 convertisse
638 1180 822 1254 interpretes
839 1188 929 1254 atque
943 1181 1075 1240 editores
1088 1179 1274 1240 coinfirmunt
1312 1169 1374 1238 Sed
1387 1194 1463 1252 quae

331 1274 379 1328 est
396 1285 498 1337 cauma,
517 1269 594 1343 quod
612 1269 643 1328 in
662 1269 784 1329 eundem
804 1269 899 1344 'Progi
923 1284 1098 1338 sennonem,
1122 1285 1187 1327 enm
1206 1268 1245 1326 ad
1263 1267 1325 1326 ista
1348 1271 1398 1326 est
1416 1283 1463 1325 ac·

332 1355 542 1427 commodatus,
561 1372 745 1429 revocemus,
764 1357 848 1416 onium
867 1374 932 1416 cnm
951 1355 1099 1416 Sallustio
1117 1356 1319 1430 compluribus
1344 1355 1415 1414 ullis
1432 1354 1464 1413 iu

331 1444 500 1504 rationibus
520 1445 709 1504 concordiam
728 1445 778 1504 rix
798 1446 929 1504 abnuere
948 1450 1039 1517 atque
1058 1443 1200 1502 refellere
1218 1441 1337 1517 possis?

404 1529 442 1590 Iu
461 1533 597 1591 oratioue
616 1533 719 1606 igitur,
738 1549 828 1606 aquia
842 1532 1026 1606 quaestionis
1045 1531 1251 1590 instituendae
1269 1529 1464 1606 primordium

332 1619 477 1702 dnxhnus,
490 1621 608 1680 etiamsi
625 1621 725 1679 aliene
737 1620 852 1680 Inserta
865 1637 931 1686 esse
944 1637 1002 1679 uou
1016 1619 1162 1679 inruerito
1181 1626 1315 1694 putetur,
1335 1619 1464 1692 plerum·

333 1725 390 1780 que
407 1715 517 1780 tumen,
541 1709 567 1767 sl
586 1724 658 1768 reru
677 1713 748 1767 sunt
765 1723 841 1782 qnae
860 1707 981 1781 conieci,
1000 1706 1134 1781 Trogum
1153 1709 1184 1767 iu
1203 1708 1295 1766 robure
1313 1721 1463 1780 grannius·

332 1795 410 1868 ticis,
428 1795 460 1854 iu
479 1795 688 1855 vocabulorum
707 1812 771 1866 usu,
790 1796 821 1853 iu
841 1796 1000 1855 sententiis
1019 1795 1160 1868 repetitis
1180 1795 1219 1854 ad
1238 1795 1351 1854 fontem
1366 1793 1465 1854 Sullu-

333 1885 461 1944 stioumo
481 1883 607 1943 rediisse
619 1883 759 1943 distincte
778 1883 916 1955 elucebit,
936 1883 986 1956 qui
998 1882 1047 1942 hic
1060 1884 1109 1943 rel
1123 1883 1186 1942 illie
1198 1880 1465 1941 animaduersioni·

332 1973 388 2032 bus
409 1973 494 2032 modo
508 1972 602 2046 Trogi
615 1971 708 2046 ipsius
722 1972 869 2044 genuinis,
883 1988 940 2030 non
955 1972 1075 2031 aliunde
1088 1970 1215 2046 sumptis
1228 1969 1395 2044 permixtus
1408 1973 1464 2028 est

263 2058 270 2071 '
404 2060 464 2119 His
477 2061 624 2119 absolutis
643 2059 733 2118 uliam
752 2076 829 2118 nnnc
842 2061 920 2119 viam
940 2060 978 2118 ed
997 2059 1195 2119 imitationem
1214 2056 1465 2131 comprobandam

333 2147 527 2220 ingressurus
546 2163 619 2218 sunu,
638 2163 696 2220 que
714 2147 745 2205 in
764 2146 933 2205 refutandis
952 2163 988 2204 ee
1007 2147 1155 2206 diluendis
1175 2144 1335 2204 sententiis
1355 2144 1461 2203 aviris

334 2235 430 2294 doctis
457 2235 515 2295 lam
543 2235 645 2294 allatis
668 2235 785 2296 versari
814 2251 865 2294 ero
894 2240 1024 2294 coactus.
1063 2233 1156 2308 Quas,
1185 2249 1252 2293 cum
1280 2233 1340 2292 iam
1370 2233 1465 2308 primo

333 2328 458 2396 aspectu
482 2340 537 2382 nos
556 2341 628 2382 sane
648 2340 734 2398 quum
754 2323 906 2382 offendant
926 2329 1088 2396 totumque,
1107 2339 1194 2396 qurum
1215 2321 1344 2394 institui,
1364 2321 1464 2395 dispu-

333 2411 478 2470 tationem
491 2411 520 2469 in
538 2411 683 2470 incertum
696 2412 813 2486 possint
825 2426 977 2482 revocare,
997 2416 1032 2470 ut
1046 2409 1167 2485 penitus
1187 2408 1380 2482 expediamus
1404 2425 1464 2468 uon

333 2515 431 2573 pauca
450 2498 586 2558 addenda
603 2503 683 2558 sunt

407 2585 487 2645 'Iota
511 2587 587 2646 euim
605 2587 715 2646 Iustini
734 2593 831 2662 parte,
855 2603 931 2661 qnae
955 2588 1048 2646 libros
1072 2587 1141 2646 inde
1166 2603 1186 2645 s
1208 2585 1350 2647 XXXVI
1373 2601 1467 2660 usque
1532 2654 1540 2660 .

335 2671 373 2730 ad
392 2671 486 2732 XLII
505 2675 735 2748 comprehendit,
754 2674 887 2748 Trogum
906 2673 1099 2735 Posidonium
1124 2674 1181 2734 sihi
1205 2675 1310 2734 ducem
1336 2673 1467 2748 elegisse

335 2759 506 2834 Heereno¹)
526 2778 702 2836 persuasum
714 2770 761 2822 est
774 2769 805 2822 et
818 2763 941 2822 osiridem
956 2771 1108 2822 auctorem
1122 2768 1194 2842 aute
1207 2763 1309 2822 oculos
1322 2761 1466 2821 habuisse

336 2848 437 2910 Carol.
457 2849 648 2921 lluellorus’)
677 2867 713 2909 ex
740 2850 858 2910 Iustino
885 2851 1011 2924 colligit,
1041 2850 1119 2924 qruod
1143 2847 1319 2922 Nicolsus³)
1348 2851 1466 2925 probat

407 2936 505 2996 llnlta
527 2932 630 2997 'nutem
660 2938 813 3011 quominus
840 2937 888 2997 his
915 2940 990 2998 viris
1011 2938 1225 3000 eruditissimis
1245 2939 1398 3000 assentiar
1416 2939 1467 2998 ob·

336 3032 428 3086 stunt
474 3025 596 3100 Negare
628 3027 744 3100 quidem
775 3026 844 3086 uolo
873 3027 1065 3087 Posidonium
1084 3027 1116 3086 in
1146 3013 1284 3110 ἱστορίᾳ
1308 3011 1351 3112 τῂ
1373 3013 1467 3110 μετὰ

337 3101 514 3199 Πολύβιον
550 3115 734 3176 liithridatis
757 3116 845 3175 initia
872 3117 1116 3190 incrementaque
1142 3117 1340 3192 descripsisse
1360 3123 1392 3177 et
1409 3115 1468 3175 orl·

336 3205 424 3278 gines
442 3203 529 3279 regni
547 3203 675 3275 Pontici,
694 3222 769 3278 qliae
787 3204 874 3264 libris
893 3205 1051 3266 XXXVII
1076 3210 1108 3266 et
1131 3205 1308 3266 XXXVIII
1328 3223 1347 3265 s
1365 3205 1468 3278 'Irogo

337 3291 476 3364 exposita
499 3309 565 3352 esse
589 3309 626 3351 ex
649 3293 783 3366 prologis
806 3299 893 3367 patet
916 3309 1098 3366 quorumque
1122 3293 1309 3368 reliquentem
1328 3295 1372 3354 ibi
1390 3292 1470 3368 apud

337 3379 487 3440 Iustinum
501 3380 598 3439 adhue
609 3381 744 3454 legimus.
768 3379 844 3440 Nam
858 3380 983 3456 primum
995 3381 1106 3440 bellum
1120 3380 1359 3442 Mithridaticum
1378 3381 1470 3441 attin·

337 3467 384 3541 git
407 3485 472 3526 enm
492 3467 643 3528 Athenaei
666 3468 749 3527 locus
777 3467 838 3539 (VI
856 3486 884 3543 p.
903 3467 958 3528 299
976 3467 1003 3528 Ε
1024 3500 1058 3518 2-
1078 3469 1156 3542 frug.
1175 3469 1213 3528 89
1232 3468 1278 3530 ed.
1296 3467 1412 3542 blnell)
1432 3470 1470 3528 de

338 3553 424 3617 Chiis
444 3555 612 3630 subiugatis
632 3573 651 3614 a
669 3572 741 3629 rege
760 3556 928 3631 vinetisque
946 3557 977 3616 iu
997 3563 1110 3616 terram
1130 3555 1310 3616 Colchorum
1330 3556 1471 3633 deporta·

338 3642 388 3715 tis,
417 3650 479 3702 turm
506 3642 715 3717 grauissimum
743 3643 821 3716 quod
849 3650 935 3703 extat
961 3643 1117 3704 Posidonii
1146 3642 1350 3717 fragmentum
1378 3645 1472 3720 (apud

338 3729 452 3790 Athen.
475 3731 504 3794 V
522 3749 549 3807 p.
568 3733 618 3793 211
639 3733 670 3793 D
692 3763 729 3783 -
751 3733 839 3808 frgm,
857 3735 890 3794 41
912 3734 957 3793 ed.
976 3733 1101 3808 Maeli),
1130 3733 1182 3792 ubi
1205 3733 1243 3792 de
1265 3731 1470 3806 Atheniensi)

339 3819 545 3880 crudelissimo
567 3822 743 3898 philosopho
762 3823 876 3896 agitur,
894 3823 946 3896 qui
964 3821 1126 3896 tsnanuide
1144 3825 1292 3894 occupato
1303 3821 1472 3882 Athenien·

339 3907 415 3966 sium
435 3909 548 3967 arrianos
567 3909 605 3968 ud
622 3925 722 3969 rerum
740 3925 883 3969 nouarum
903 3926 985 3984 spem
1004 3909 1113 3980 erexit,
1131 3914 1166 3968 ut
1183 3907 1393 3970 sllithridste
1410 3909 1473 3970 lue·
1595 3981 1599 3989 Ι

340 3994 458 4054 tissima
485 4001 705 4071 exspreeturent,
739 4014 848 4071 eosque
882 3997 991 4056 acerbe
1023 3995 1180 4056 cruciarit
1228 3995 1332 4070 atque
1360 3997 1397 4057 de
1424 3997 1473 4059 his

339 4081 529 4156 Posidonius,
549 4089 653 4159 utpote
673 4085 731 4158 qui,
750 4101 786 4144 ex
809 4085 968 4144 itineribus
992 4083 1095 4142 multis
1118 4097 1261 4142 reversos
1285 4099 1353 4142 enm
1371 4085 1473 4148 Rhodi

233 4197 236 4208 ·
340 4170 485 4247 ciuitatis,
503 4189 579 4246 qrrtne
596 4172 798 4233 Romanorum
816 4173 848 4232 lu
866 4171 924 4230 tide
942 4177 1141 4244 remanserat,
1160 4170 1237 4231 citis
1256 4187 1324 4232 esse
1346 4189 1405 4234 uon
1423 4175 1473 4234 de·

414 4419 436 4558 :3
453 4419 869 4574 ξ’ῐ.ιςῐτξιξιιὸοιξίαᾒιὲἶέἷοιὶοοτιιιιιι
879 4487 1041 4546 Graecorum
1051 4489 1161 4547 Parisiis
1173 4489 1242 4544 1819
1252 4489 1476 4563 ventilarem

416 4559 438 4627 ³)
456 4557 625 4614 (ineelnsche
644 4558 934 4630 Intoruturgeschrehte
952 4558 1002 4615 eol.
1021 4559 1050 4617 ll
1067 4576 1093 4631 p.
1114 4559 1173 4616 181.
1192 4558 1210 4613 9
1227 4558 1298 4616 auu

413 4631 437 4704 ⁴)
457 4636 512 4692 sire
531 4635 674 4692 hristiouc.
697 4637 730 4693 ef.
755 4635 851 4692 Prone.
877 4635 960 4694 lieni.
986 4635 1091 4693 Ludolf.
1117 4636 1223 4693 dhreo·
1250 4635 1283 4694 de
1309 4635 1475 4692 Athenarum

343 4706 417 4764 stato
436 4705 543 4779 politico
562 4707 591 4762 et
606 4704 737 4762 littererio
754 4703 876 4776 Gotting.
896 4705 963 4760 1899
981 4721 1007 4776 p.
1025 4706 1051 4762 4.
